2646 3914
188 138 349 188 LETTERS
372 139 417 188 OF
439 139 470 192 C.
485 140 631 190 PLINIUS
654 139 840 191 CAECILIUS
861 139 1054 192 SECUNDUS.
1092 126 1132 212 83

99 298 341 376 5custodiaeque
355 299 539 360 mandantur.
581 299 648 374 Quo
667 319 787 360 munere
806 299 918 360 Fannia
937 300 1008 360 dum
1029 302 1132 360 sedulo

129 395 268 472 fungitur,
282 398 340 458 hoc
355 398 520 459 discrimine
539 399 668 476 inplicita
682 410 734 458 est.
776 399 909 458 Insident
928 399 1032 471 febres,
1046 403 1133 460 tussis

128 495 274 566 increscit,
290 516 405 557 summa
418 500 535 572 macies,
550 517 665 557 summa
684 497 826 557 defectio:
848 499 963 558 animus
977 509 1089 558 tantum
1105 510 1133 559 et

130 595 249 670 spiritus
272 595 349 671 viget
374 596 509 656 Helvidio
534 599 647 668 marito,
669 597 802 655 Thrasea
826 607 906 672 patre
929 598 1133 674 dignissimus;

129 694 243 769 reliqua
256 693 393 752 labuntur
406 675 513 772 meque
525 715 586 755 non
597 706 677 754 metu
688 706 800 754 tantum
811 714 912 754 verum
927 697 1016 754 etiam
1032 698 1134 756 dolore

86 812 118 846 10
131 792 299 851 conficiunt.
354 794 451 853 Doleo
479 795 558 853 enim
589 795 727 854 feminam
756 795 914 854 maximam
941 795 1014 871 eripi
1041 796 1135 855 oculis

132 890 254 948 civitatis
269 891 368 950 nescio
388 911 426 951 an
446 893 555 969 aliquid
576 894 668 952 simile
682 894 791 954 visuris.
836 893 920 966 Quae
942 895 1057 953 castitas
1077 894 1135 952 illil

132 1006 209 1064 quae
238 990 390 1048 sanctitas!
427 1003 535 1067 quanta
562 992 705 1067 gravitasl
740 1001 849 1069 quanta
878 991 1057 1050 constantia!
1089 993 1135 1076 bis

131 1088 270 1144 maritum
291 1098 390 1146 secuta
410 1090 441 1146 in
463 1090 580 1148 exilium
602 1101 654 1162 est,
673 1091 757 1149 tertio
778 1092 841 1166 ipsa
862 1100 980 1167 propter
999 1091 1135 1148 maritum
1173 1105 1179 1123 ⁸

132 1187 271 1262 relegata.
328 1185 408 1244 Nam
443 1206 511 1245 cum
547 1188 671 1246 Senecio
699 1207 765 1246 reus
793 1199 878 1260 esset,
906 1188 987 1265 quod
1015 1188 1051 1246 de
1079 1189 1136 1246 vita

89 1303 119 1353 15
134 1283 254 1342 Helvidi
281 1285 371 1344 libros
399 1287 621 1362 composuisset,
646 1296 839 1363 rogatumque
868 1305 899 1345 se
928 1306 945 1345 a
969 1287 1081 1346 Fannia
1105 1288 1136 1345 in

135 1381 306 1442 defensione
335 1384 462 1454 dixisset,
488 1395 645 1461 quaerente
673 1385 824 1445 minaciter
852 1385 957 1444 Mettio
985 1385 1071 1458 Caro,
1098 1406 1136 1446 an

134 1491 276 1558 rogasset,
312 1483 464 1558 respondit
492 1484 629 1559 ‘rogavi’
665 1503 703 1542 an
739 1485 965 1544 commentarios
993 1487 1136 1562 scripturo

135 1579 273 1650 dedisset,
302 1579 406 1652 ‘dedi'
434 1600 472 1639 an
497 1583 605 1641 sciente
633 1593 733 1654 matre,
761 1582 934 1642 ‘nesciente’
945 1603 954 1656 ;
984 1594 1136 1659 postremo

135 1679 244 1738 nullam
265 1697 369 1738 vocem
391 1681 544 1740 cedentem
565 1682 694 1758 periculo
716 1683 818 1740 emisit.
861 1682 1048 1755 Quinetiam
1071 1683 1136 1743 illos

90 1797 122 1832 πο
136 1778 218 1854 ipsos
241 1779 339 1851 libros,
361 1798 539 1856 quamquam
565 1799 601 1839 ex
626 1781 798 1840 necessitate
819 1790 848 1839 et
868 1792 949 1839 metu
969 1789 1136 1856 temporum

135 1876 261 1939 abolitos
288 1888 407 1936 senatus
435 1880 578 1951 consulto,
601 1880 753 1956 publicatis
774 1879 860 1938 bonis
883 1879 1011 1951 servavit,
1036 1879 1136 1938 habuit

135 1975 258 2050 tulitque
280 1976 310 2036 in
333 1977 450 2036 exilium
473 1979 549 2036 exilii
572 1998 700 2038 causam.
752 1978 864 2037 Eadem
889 1997 977 2055 quam
1000 1979 1135 2053 iucunda,

136 2091 226 2150 quam
254 2075 355 2147 cornia,
381 2093 470 2152 quam
496 2077 630 2154 denique,
656 2077 737 2154 quod
758 2079 859 2154 paucis
884 2077 984 2138 datum
999 2089 1051 2150 est,
1076 2099 1137 2138 non

136 2173 234 2231 minus
247 2174 378 2232 amabilis
398 2193 486 2250 quam
501 2176 683 2234 veneranda!
725 2175 824 2235 Eritne
839 2193 928 2252 quam
946 2187 1049 2252 postea
1062 2195 1136 2235 uxo-

91 2289 123 2338 25
137 2271 216 2330 ribus
237 2273 343 2330 nostris
364 2283 510 2332 ostentare
534 2275 702 2349 possimus?
744 2273 805 2332 Erit
826 2292 844 2332 a
864 2292 922 2350 qua
944 2274 994 2330 viri
1017 2292 1135 2350 quoque

137 2369 311 2430 fortitudinis
332 2373 466 2448 exempla
488 2391 644 2443 sumamus,
666 2390 755 2449 quam
777 2372 817 2430 sic
840 2381 991 2430 cernentes
1016 2373 1136 2458 audien·
1168 2373 1173 2386 '

136 2478 238 2545 tesque
260 2470 405 2542 miremur,
427 2482 458 2531 ut
482 2471 545 2530 illas
566 2489 642 2547 quae
665 2472 819 2548 leguntur?
866 2471 912 2529 Ac
937 2470 1008 2528 mihi
1030 2471 1137 2530 domus

138 2567 202 2642 ipsa
216 2557 326 2627 ‘nutare
346 2569 542 2646 convulsaque
564 2571 680 2629 sedibus
702 2571 760 2630 suis
780 2570 888 2628 ruitura
909 2588 997 2648 supra
1017 2571 1137 2641 videtur,

137 2665 205 2724 licet
239 2666 335 2727 adhuc
369 2677 503 2744 posteros
538 2667 652 2728 habeat
715 2668 840 2741 Quantis
875 2669 953 2727 enim
988 2669 1139 2728 virtutibus

93 2789 125 2840 30
138 2767 311 2842 quantisque
347 2766 430 2827 factis
465 2768 661 2845 adsequentur
702 2778 734 2826 ut
772 2768 844 2828 haec
884 2787 946 2827 non
981 2769 1138 2828 novissima

138 2865 295 2924 occiderit?
339 2864 528 2942 Me‘quidem
547 2868 617 2926 illud
638 2869 724 2926 etiam
745 2868 857 2944 adfligit
874 2877 904 2926 et
918 2877 1041 2944 torquet,
1057 2867 1138 2943 quod

138 2973 262 3024 matrem
284 2964 354 3036 eius,
379 2966 458 3024 illam
481 2963 564 3044 (nihil
586 2985 709 3042 possum
733 2967 879 3026 inlustrius
908 2964 1015 3044 dicere)
1040 2976 1137 3025 tantae

138 3061 264 3122 feminae
299 3075 431 3137 matrem,
459 3084 558 3126 rursus
585 3067 686 3125 videor
713 3066 851 3138 amittere,
879 3083 969 3142 quam
996 3065 1077 3135 haec,
1105 3074 1138 3120 ut

138 3163 232 3222 reddit
259 3182 295 3224 ac
318 3164 403 3224 refert
426 3165 521 3236 nobis,
547 3165 589 3224 sic
613 3165 723 3224 auferet
747 3181 848 3223 secum
870 3182 976 3241 meque
1003 3171 1032 3220 et
1059 3179 1139 3220 novo

94 3284 125 3335 35
139 3263 246 3337 pariter
259 3274 288 3322 et
301 3264 425 3324 rescisso
439 3264 555 3321 vulnere
575 3264 697 3322 adficiet
738 3262 899 3340 Utramque
918 3261 1021 3332 dilexi;
1042 3269 1137 3318 utram
1239 3317 1240 3322 ,

139 3362 242 3438 magis,
258 3364 367 3435 nescio,
382 3381 437 3424 nec
451 3361 577 3422 discerni
590 3362 735 3420 volebant.
774 3361 948 3422 Habuerunt
962 3359 1057 3417 officia
1070 3377 1139 3419 mea

138 3459 169 3518 in
193 3461 337 3532 secundis,
357 3461 520 3522 habuenrnt
542 3460 572 3518 in
597 3460 732 3519 adversis.
773 3460 840 3537 Ego
862 3459 1003 3518 solacium
1027 3459 1140 3535 relega·

138 3567 242 3632 tarum,
263 3577 335 3636 ergo
355 3560 431 3620 ultor
451 3577 644 3632 reversatum
675 3577 738 3619 non
759 3560 816 3619 feci
835 3569 933 3618 tamen
954 3557 1034 3635 paria
1053 3569 1142 3636 atque

613 3677 663 3718 ca
