2646 3914
171 101 214 182 56
439 115 461 163 A
487 114 684 163 smrcmorv
703 115 808 163 raom
828 113 897 162 rar

172 285 290 352 quanto,
313 293 380 333 cum
401 274 456 351 egi,
478 275 587 350 gaudio
612 274 757 334 adficiturl
800 274 939 352 Disponit
961 273 1011 350 qui
1035 273 1212 333 nuntientro

168 374 234 444 sibi,
251 392 338 450 quem
359 373 524 445 adsensum,
539 391 613 450 quos
635 374 775 433 clamores
796 373 953 444 excitarim,
972 390 1061 449 quem
1082 391 1169 430 even-

171 483 235 530 tum
259 471 355 530 iudicii
379 470 500 530 tulerim.
551 471 674 542 Eadem,
696 472 839 548 siquando
862 471 961 542 recito,
982 471 1013 528 in
1033 471 1169 548 proximo

173 571 297 630 discreta
324 569 388 630 velo
417 570 497 630 sedet
525 570 682 647 laudesque
711 580 825 629 nostras
854 569 1025 628 avidissimis
1053 570 1170 628 auribus

172 669 287 744 excipit.
322 668 432 728 Versus
443 670 561 745 quidem
572 687 654 728 meos
664 677 761 728 cantat
775 669 862 742 etiam
873 667 1036 743 formatque
1050 667 1169 737 cithara,

172 786 233 826 non
261 768 368 826 artifice
396 768 494 844 aliquo
522 769 656 839 docente,
679 768 731 826 sed
755 785 862 838 amore,
887 767 938 843 qui
965 767 1101 842 magister
1125 778 1210 833 estr5
1298 729 1299 824 l

172 867 307 944 optimus.
350 866 407 925 His
422 885 457 928 ex
477 867 572 925 causis
592 866 622 923 in
641 885 724 941 spem
745 866 932 926 certissimam
954 864 1083 923 adducor
1103 882 1169 940 per·

172 966 389 1041 petuamnobis
409 966 607 1040 maioremque
624 964 729 1023 indies
747 964 872 1024 suturam
891 982 956 1023 esse
970 963 1168 1023 concordiam.

172 1064 243 1122 Non
257 1065 335 1123 enim
351 1072 474 1122 aetatem
487 1081 584 1122 meam
600 1071 648 1121 aut
663 1081 778 1140 corpus,
790 1082 865 1140 quae
880 1064 1017 1141 paulatim
1032 1062 1170 1121 occidunt

172 1181 206 1221 ac
234 1173 396 1234 senescunt,
422 1151 474 1222 sed
501 1162 623 1238 gloriam
652 1161 751 1236 diligit.
808 1161 872 1220 Nec
900 1162 978 1221 aliud
1005 1163 1089 1221 decet
1113 1161 1169 1220 tuis

172 1262 306 1320 manibus
327 1260 486 1333 educatam,
507 1261 564 1320 tuis
584 1262 744 1338 praeceptis
764 1261 931 1332 institutam,
953 1277 1028 1337 quae
1047 1259 1118 1316 nihil
1138 1259 1169 1314 in
1181 1278 1211 1313 20

173 1359 364 1418 contubernio
392 1369 442 1418 tuo
470 1359 571 1417 viderit
598 1359 653 1418 nisi
681 1369 813 1418 sanctum
841 1359 1064 1434 honestumque,
1093 1375 1169 1434 quae

174 1454 299 1531 denique
319 1471 417 1515 amare
431 1472 479 1514 me
499 1472 535 1514 ex
554 1464 604 1514 tua
624 1453 838 1530 praedicatione
859 1453 1048 1513 consueverit.
1090 1451 1169 1512 Nam

173 1570 240 1612 cum
264 1562 386 1612 matrem
407 1570 503 1611 meam
527 1552 653 1628 parentis
677 1553 744 1612 loco
765 1553 910 1621 verereris,
932 1569 981 1610 me
1009 1569 1026 1610 a
1047 1551 1169 1626 pueritia

171 1647 268 1706 statim
293 1646 424 1719 formare,
446 1647 563 1705 laudare
592 1646 745 1722 talemque,
767 1647 858 1722 qualis
882 1664 960 1708 nunc
981 1646 1065 1708 uxori
1085 1663 1168 1706 meac

170 1745 278 1816 videor,
293 1745 415 1804 ominari
430 1745 553 1806 solebas.
595 1743 734 1804 Certatim
756 1762 827 1821 ergo
848 1745 898 1806 tibi
919 1745 1024 1821 gratias
1045 1743 1167 1820 agimus,
1180 1758 1209 1806 25
1307 1799 1308 1804 ,

171 1861 228 1919 ego
242 1844 322 1919 quod
335 1844 413 1902 illam
427 1842 506 1914 mihi,
521 1843 568 1904 illa
582 1842 663 1918 quod
677 1860 725 1904 rne
743 1843 796 1902 sibi
812 1843 933 1915 dederis,
948 1844 1030 1920 quasi
1044 1843 1169 1902 invicem

172 1941 302 2016 elegeris.
344 1940 425 1999 Vale.

491 2193 544 2248 42.
584 2184 714 2268 (BOOK
736 2205 761 2260 4.
786 2184 845 2266 aa.)

204 2319 228 2366 A
239 2317 300 2366 bold
311 2319 407 2367 remark
425 2319 458 2382 by
469 2319 556 2383 Junius
567 2318 694 2367 Mauricus
710 2318 735 2368 in
747 2316 857 2382 Trajan's
870 2317 1010 2367 councilon
1022 2318 1063 2367 the
1074 2318 1168 2382 subject

171 2399 201 2448 of
209 2401 250 2449 the
261 2417 346 2464 games
357 2409 383 2450 at
392 2402 492 2460 Vienna
505 2402 574 2451 leads
583 2401 655 2464 Pliny
664 2408 691 2450 to
703 2400 779 2449 relate
790 2417 805 2448 a
817 2399 903 2449 bolder
911 2400 999 2464 speech
1011 2399 1040 2449 ol
1048 2401 1090 2450 the
1101 2417 1168 2456 same

172 2481 298 2532 Mauricus
310 2491 336 2533 at
347 2485 373 2532 N
374 2485 451 2534 erva’s
462 2484 537 2534 table.

394 2621 419 2662 C.
441 2621 553 2661 PLINIUS
573 2620 734 2661 SEMPRONIO
755 2620 833 2662 RUFO
854 2621 908 2662 SUO
929 2621 951 2663 S.

212 2725 331 2784 Interfui
345 2727 483 2804 principis
494 2727 596 2804 optimi
607 2727 766 2802 cognitioni
779 2727 810 2784 in
821 2727 974 2788 consilium
985 2727 1165 2806 adsumptus.

171 2825 332 2903 Gymnicus
352 2843 431 2902 agon
452 2826 531 2903 apud
551 2825 735 2884 Viennenses
757 2845 793 2884 ex
816 2828 968 2886 cuiusdam
991 2836 1166 2888 testamento

169 2925 382 2985 celebrabatur:
404 2925 481 2984 hunc
496 2925 662 2984 Trebonius
678 2925 811 2996 Rufinus,
822 2926 864 2984 vir
874 2927 1007 3002 egregius
1022 2928 1166 3002 nobisque

162 3025 290 3105 amicus,
317 3023 347 3080 in
375 3023 554 3084 duumviratu
582 3024 741 3084 tollendum
771 3025 1006 3102 abolendumque
1038 3026 1163 3088 curavit:

169 3124 331 3200 negabatur
345 3140 382 3181 ex
401 3123 569 3184 auctoritate
591 3123 705 3201 publica
726 3122 836 3184 fecisse.
879 3123 947 3199 Egit
966 3123 1030 3201 ipse
1045 3143 1189 3196 causatus

170 3240 231 3281 non
245 3222 342 3280 minus
361 3219 480 3282 feliciter
500 3241 588 3298 quam
609 3223 721 3282 diserte.
764 3221 998 3284 Commendabat
1018 3225 1165 3284 actionem

170 3321 249 3397 quod
263 3331 413 3396 tamquam
423 3319 513 3379 homo
526 3320 679 3383 Romanus
694 3331 722 3382 et
736 3323 832 3408 bonus
847 3321 915 3380 civis
929 3321 959 3380 in
974 3325 1093 3398 negotio
1109 3341 1164 3382 suo

171 3428 280 3476 mature
292 3427 320 3478 et
330 3418 453 3494 graviter
462 3418 642 3494 loquebatur.
679 3420 754 3482 Cum
766 3423 925 3482 sententiae
936 3431 1163 3497 perrogarentur‚

171 3515 242 3574 dixit
256 3515 356 3576 Iunius
371 3517 528 3589 Mauricus,
543 3535 603 3593 quo
616 3519 676 3578 viro
691 3519 761 3578 nihil
776 3519 892 3589 firmius,
905 3518 974 3581 nihil
987 3520 1088 3591 verius,
1103 3537 1165 3582 non
