2646 3914
192 125 351 177 LETTERS
374 131 418 179 ΟΡ
440 132 470 184 0.
486 133 633 182 PLINIUS
655 133 839 183 CAECILIUS
860 135 1052 186 SECUNDUS.
1099 141 1138 209 23

461 381 511 436 ιο.
554 375 683 456 (noorr
706 396 731 437 2.
757 376 815 457 η.)

173 515 246 581 Pliny
257 522 425 572 recommends
436 529 464 573 to
475 524 572 574 Priscus
583 525 621 575 sor
631 527 773 590 promotion
785 527 912 577 Voconius
923 528 1057 585 Romanus,
1068 527 1108 577 his

404 605 517 657 intimate
530 608 579 656 and
590 610 775 673 accomplished
786 610 872 661 friend.

447 761 472 802 C.
493 763 605 804 PLINIUS
626 763 723 806 PRISCO
744 763 797 804 SUO
817 764 839 805 S.

184 890 223 950 Et
244 902 275 952 tu
294 895 465 956 occasiones
485 897 634 975 obligandi
655 919 703 958 me
725 900 888 962 avidissime
907 901 1098 978 amplecteris,
1113 911 1142 962 et

143 1009 200 1066 ego
221 994 331 1051 nemini
350 994 485 1055 libentius
507 997 613 1056 debeo.
655 998 777 1058 Duabus
802 1018 873 1076 ergo
895 1001 932 1058 de
957 1000 1052 1058 causis
1074 1018 1091 1056 a
1113 1009 1141 1058 te

143 1090 327 1165 potissimum
341 1103 439 1169 petere
454 1097 598 1168 constitui,
614 1098 694 1174 quod
708 1098 884 1175 inpetratum
898 1100 1024 1156 maxime
1046 1099 1142 1174 cupio.

145 1189 235 1266 Regis
254 1194 412 1253 exercitum
432 1196 659 1274 amplissimum;
682 1197 750 1258 hinc
769 1200 820 1257 tibi
834 1199 1044 1260 beneficiorum
1063 1198 1143 1274 larga

114 1292 282 1350 5materia:
310 1293 431 1370 longum
455 1305 605 1374 praeterea
632 1306 757 1375 tempus,
781 1317 840 1378 quo
864 1298 976 1358 amicos
1001 1308 1067 1356 tuos
1092 1315 1142 1354 ex·

144 1405 250 1447 ornare
274 1391 402 1466 potuisti.
446 1390 591 1454 Converte
616 1404 645 1453 te
667 1394 704 1453 ad
726 1406 851 1467 nostros,
873 1414 928 1455 nec
949 1395 1005 1454 hos
1025 1395 1141 1454 multos.

144 1484 250 1545 Malles
264 1497 295 1546 tu
309 1489 427 1565 quidem
441 1491 548 1550 multos
556 1512 565 1568 3
587 1492 639 1551 sed
653 1510 737 1551 meae
748 1494 936 1552 verecundiae
951 1493 1054 1553 suflicit
1067 1511 1143 1551 unus

144 1595 195 1643 aut
209 1586 287 1657 alter,
303 1605 337 1646 ac
351 1587 450 1662 potius
464 1606 548 1649 unus.
586 1590 616 1649 Is
631 1591 684 1648 erit
695 1589 847 1650 Voconius
862 1591 1023 1650 Romanus.
1059 1590 1144 1649 Pater

144 1684 172 1742 ei
186 1685 217 1742 in
232 1683 357 1761 equestri
371 1687 463 1762 gradu
478 1688 581 1759 clarus,
596 1688 698 1746 clarior
712 1689 836 1760 vitricus
851 1688 942 1746 immo
957 1698 1038 1766 pater
1052 1689 1142 1747 alius:

98 1803 130 1840 10
143 1801 214 1840 narn
229 1783 295 1842 huic
316 1802 435 1861 quoque
456 1787 569 1845 nomini
588 1787 694 1863 pietate
714 1788 861 1846 successit.
904 1785 999 1845 Mater
1013 1787 1143 1864 oprimis

143 1881 282 1941 citerioris
304 1881 488 1959 Hispaniae:
520 1885 576 1944 scis
602 1883 683 1960 quod
706 1885 846 1944 iudicium
870 1884 1036 1960 provinciae
1060 1885 1143 1957 illius,

143 1990 253 2058 quanta
275 1981 311 2039 sit
330 1983 463 2057 gravitas.
505 1983 575 2058 Ipse
595 1983 703 2041 flamen
717 1983 850 2059 proxime
869 1982 928 2042 fuit
972 1982 1062 2044 Hunc
1078 2003 1143 2062 ego,

143 2095 212 2137 cum
232 2079 316 2138 simul
335 2082 527 2153 studeremus,
542 2092 602 2141 arte
621 2080 854 2157 familiariterque
874 2080 976 2140 dilexi:
999 2083 1046 2140 ille
1060 2099 1144 2141 meus

143 2177 176 2234 in
189 2181 269 2250 urbe,
281 2179 328 2237 ille
342 2179 373 2237 in
387 2197 506 2239 secessu
520 2178 742 2250 contubernalis
756 2197 822 2237 cum
836 2178 894 2237 hoc
909 2179 992 2250 seria,
1004 2197 1071 2238 cum
1085 2179 1144 2238 hoc

99 2297 129 2349 15
144 2275 229 2335 iocos
249 2278 361 2338 miscui.
403 2278 484 2350 Quid
503 2278 582 2336 enim
596 2277 646 2336 illo
666 2286 715 2335 aut
728 2277 841 2335 fidelius
860 2277 956 2334 amico
975 2287 1024 2334 aut
1043 2277 1143 2336 sodale

145 2374 320 2434 iucundius?
341 2377 415 2436 mira
427 2379 457 2435 in
472 2393 616 2446 sermone,
630 2375 704 2434 mira
718 2375 805 2434 etiarn
819 2375 849 2431 in
864 2391 915 2433 ore
928 2375 993 2450 ipso
1008 2375 1144 2452 vultuque

145 2473 279 2532 suavitas.
322 2474 371 2532 Ad
391 2475 448 2533 hoc
469 2474 618 2552 ingenium
639 2473 797 2543 excelsum,
812 2472 924 2544 subtile,
945 2474 1037 2544 dulce,
1053 2474 1144 2548 facile,

146 2571 290 2631 eruditum
300 2573 331 2630 in
342 2573 436 2633 causis
447 2573 583 2650 agendis:
604 2572 741 2650 epistulas
756 2572 875 2648 quidem
886 2571 990 2642 scribit,
1000 2582 1031 2629 ut
1042 2572 1144 2634 Musas

146 2671 226 2747 ipsas
240 2670 326 2730 latine
340 2672 420 2749 loqui
435 2672 545 2731 credas.
577 2671 700 2730 Amatur
713 2689 731 2729 a
744 2688 793 2728 me
807 2668 963 2746 plurimum
977 2687 1032 2729 nec
1045 2680 1144 2731 tamen

100 2789 133 2826 20
146 2767 277 2827 vincitur.
319 2769 464 2846 Equidem
481 2769 591 2828 iuvenis
610 2770 707 2828 statim
723 2767 818 2825 iuveni
837 2776 975 2843 quantum
992 2769 1074 2845 potui
1091 2787 1144 2845 per

147 2874 274 2926 aetatem
288 2868 450 2927 avidissime
465 2867 574 2926 contuli
588 2875 617 2925 et
631 2884 723 2942 nuper
737 2867 774 2924 ab
788 2865 900 2940 optimo
914 2865 1043 2942 pn'ncipe
1056 2867 1143 2924 trium

147 2964 306 3024 liberorum
333 2967 378 3024 ius
405 2966 563 3042 impetravi,
592 2965 672 3040 quod
700 2981 877 3040 quamquam
904 2982 991 3039 parce
1019 2973 1047 3023 et
1075 2982 1142 3022 curn

147 3061 263 3122 delectu
277 3064 365 3135 daret,
379 3063 450 3122 mihi
464 3075 572 3134 tamen,
589 3072 738 3138 tamquam
752 3061 878 3136 eligeret,
892 3060 1018 3120 indulsit.
1057 3060 1142 3120 Haec

146 3161 289 3222 beneficia
309 3181 376 3222 mea
397 3163 468 3222 tueri
490 3161 568 3220 nullo
593 3160 684 3219 modo
707 3159 820 3230 melius,
842 3176 930 3234 quam
955 3169 985 3218 ut
1009 3175 1141 3234 augeam,

100 3281 131 3332 25
146 3277 278 3336 possum,
294 3261 463 3337 praesertim
483 3259 627 3336 cumipse
642 3258 689 3316 illa
707 3268 767 3316 tarn
785 3268 865 3333 grate
879 3257 1086 3333 interpretetur,
1100 3267 1142 3330 ut,

145 3357 218 3416 dum
245 3358 342 3436 priora
373 3359 486 3435 accipit,
515 3357 675 3435 posteriora
701 3366 852 3416 mereatur.
908 3355 1010 3413 Habes
1039 3355 1140 3431 qualis,

144 3474 234 3533 quam
255 3457 394 3533 probatus
413 3473 554 3532 carusque
576 3455 612 3513 sit
629 3455 722 3525 nobis,
737 3472 825 3530 quem
843 3472 917 3531 rogo
937 3470 991 3530 pro
1011 3454 1141 3532 ingenio,

145 3573 201 3633 pro
223 3555 339 3616 fortuna
358 3565 409 3615 tua
429 3572 562 3616 exornes.
614 3551 772 3630 Inprimis
793 3570 861 3613 ama
880 3553 1047 3614 hominem:
1072 3571 1142 3614 nam
