<?xml version="1.0" encoding="UTF-8"?>
<!DOCTYPE html PUBLIC "-//W3C//DTD XHTML 1.0 Transitional//EN"
    "http://www.w3.org/TR/xhtml1/DTD/xhtml1-transitional.dtd">
<html xmlns="http://www.w3.org/1999/xhtml" xml:lang="en" lang="en">
 <head>
  <title>
</title>
<meta http-equiv="Content-Type" content="text/html;charset=utf-8" />
  <meta name='ocr-system' content='tesseract 3.04.00' />
  <meta name='ocr-capabilities' content='ocr_page ocr_carea ocr_par ocr_line ocrx_word'/>
</head>
<body>
  <div class='ocr_page' id='page_1' title='image "./selectedletters05plingoog_0111.png"; bbox 0 0 2662 3914; ppageno 0'>
   <div class='ocr_carea' id='block_1_1' title="bbox 179 118 908 203">
    <p class='ocr_par' dir='ltr' id='par_1_1' title="bbox 179 118 908 203">
     <span class='ocr_line' id='line_1_1' title="bbox 179 118 908 203; baseline 0.005 -22"><span class='ocrx_word' id='word_1_1' title='bbox 179 118 221 203; x_wconf 90' lang='lat'>98</span> <span class='ocrx_word' id='word_1_2' title='bbox 449 135 472 184; x_wconf 78' lang='lat' dir='ltr'>a</span> <span class='ocrx_word' id='word_1_3' title='bbox 498 135 695 186; x_wconf 78' lang='lat' dir='ltr'>snrnomou</span> <span class='ocrx_word' id='word_1_4' title='bbox 713 136 818 186; x_wconf 77' lang='lat' dir='ltr'>mou</span> <span class='ocrx_word' id='word_1_5' title='bbox 838 134 908 185; x_wconf 79' lang='lat' dir='ltr'>run</span> 
     </span>
    </p>
   </div>
   <div class='ocr_carea' id='block_1_2' title="bbox 138 287 1325 1558">
    <p class='ocr_par' dir='ltr' id='par_1_2' title="bbox 178 287 1258 864">
     <span class='ocr_line' id='line_1_2' title="bbox 178 287 1187 370; baseline -0.006 -20"><span class='ocrx_word' id='word_1_6' title='bbox 178 293 306 364; x_wconf 89' lang='lat' dir='ltr'>remisit;</span> <span class='ocrx_word' id='word_1_7' title='bbox 343 294 455 353; x_wconf 90' lang='lat' dir='ltr'>obtinui</span> <span class='ocrx_word' id='word_1_8' title='bbox 480 303 579 352; x_wconf 87' lang='lat' dir='ltr'>tamen</span> <span class='ocrx_word' id='word_1_9' title='bbox 608 296 688 370; x_wconf 92' lang='lat' dir='ltr'>quod</span> <span class='ocrx_word' id='word_1_10' title='bbox 715 295 907 354; x_wconf 84' lang='lat' dir='ltr'><strong>intenderam.</strong></span> <span class='ocrx_word' id='word_1_11' title='bbox 963 290 1043 350; x_wconf 91' lang='lat' dir='ltr'>Nam</span> <span class='ocrx_word' id='word_1_12' title='bbox 1072 287 1187 363; x_wconf 86' lang='lat' dir='ltr'>collega</span> 
     </span>
     <span class='ocr_line' id='line_1_3' title="bbox 180 381 1186 468; baseline -0.006 -19"><span class='ocrx_word' id='word_1_13' title='bbox 180 389 259 449; x_wconf 89' lang='lat' dir='ltr'>Certi</span> <span class='ocrx_word' id='word_1_14' title='bbox 294 392 486 464; x_wconf 89' lang='lat' dir='ltr'>consulatum,</span> <span class='ocrx_word' id='word_1_15' title='bbox 515 411 715 452; x_wconf 87' lang='lat' dir='ltr'>successorem</span> <span class='ocrx_word' id='word_1_16' title='bbox 751 393 854 452; x_wconf 91' lang='lat' dir='ltr'>Certus</span> <span class='ocrx_word' id='word_1_17' title='bbox 890 391 1010 468; x_wconf 85' lang='lat' dir='ltr'>accepit,</span> <span class='ocrx_word' id='word_1_18' title='bbox 1039 381 1186 466; x_wconf 75' lang='lat' dir='ltr'>planeque</span> 
     </span>
     <span class='ocr_line' id='line_1_4' title="bbox 178 485 1258 565; baseline -0.002 -19"><span class='ocrx_word' id='word_1_19' title='bbox 178 487 289 547; x_wconf 86' lang='lat' dir='ltr'>factum</span> <span class='ocrx_word' id='word_1_20' title='bbox 313 498 357 546; x_wconf 90' lang='lat' dir='ltr'>est</span> <span class='ocrx_word' id='word_1_21' title='bbox 381 489 463 565; x_wconf 93' lang='lat' dir='ltr'>quod</span> <span class='ocrx_word' id='word_1_22' title='bbox 486 490 617 549; x_wconf 85' lang='lat' dir='ltr'>dixeram</span> <span class='ocrx_word' id='word_1_23' title='bbox 641 492 671 550; x_wconf 92' lang='lat' dir='ltr'>in</span> <span class='ocrx_word' id='word_1_24' title='bbox 697 490 764 562; x_wconf 91' lang='lat' dir='ltr'>fine,</span> <span class='ocrx_word' id='word_1_25' title='bbox 793 490 915 548; x_wconf 90' lang='lat' dir='ltr'>‘reddat</span> <span class='ocrx_word' id='word_1_26' title='bbox 940 488 1103 565; x_wconf 89' lang='lat' dir='ltr'>praemium</span> <span class='ocrx_word' id='word_1_27' title='bbox 1129 485 1258 544; x_wconf 85' lang='lat' dir='ltr'>sub115</span> 
     </span>
     <span class='ocr_line' id='line_1_5' title="bbox 180 585 1186 666; baseline -0.005 -21"><span class='ocrx_word' id='word_1_28' title='bbox 180 588 292 663; x_wconf 87' lang='lat' dir='ltr'>optimo</span> <span class='ocrx_word' id='word_1_29' title='bbox 308 588 446 664; x_wconf 87' lang='lat' dir='ltr'>principe,</span> <span class='ocrx_word' id='word_1_30' title='bbox 461 590 575 665; x_wconf 91' lang='lat' dir='ltr'>quoda</span> <span class='ocrx_word' id='word_1_31' title='bbox 593 590 722 666; x_wconf 89' lang='lat' dir='ltr'>pessimo</span> <span class='ocrx_word' id='word_1_32' title='bbox 742 589 872 664; x_wconf 74' lang='lat' dir='ltr'>accepit!</span> <span class='ocrx_word' id='word_1_33' title='bbox 915 587 1022 646; x_wconf 84' lang='lat' dir='ltr'>Postea</span> <span class='ocrx_word' id='word_1_34' title='bbox 1036 585 1186 644; x_wconf 87' lang='lat' dir='ltr'>actionem</span> 
     </span>
     <span class='ocr_line' id='line_1_6' title="bbox 179 684 1186 765; baseline -0.004 -21"><span class='ocrx_word' id='word_1_35' title='bbox 179 704 286 758; x_wconf 88' lang='lat' dir='ltr'>meam,</span> <span class='ocrx_word' id='word_1_36' title='bbox 313 696 470 763; x_wconf 92' lang='lat' dir='ltr'>utcumque</span> <span class='ocrx_word' id='word_1_37' title='bbox 498 691 591 765; x_wconf 89' lang='lat' dir='ltr'>potui,</span> <span class='ocrx_word' id='word_1_38' title='bbox 619 689 762 764; x_wconf 84' lang='lat' dir='ltr'>recollegi,</span> <span class='ocrx_word' id='word_1_39' title='bbox 787 688 888 747; x_wconf 91' lang='lat' dir='ltr'>addidi</span> <span class='ocrx_word' id='word_1_40' title='bbox 915 687 1014 745; x_wconf 89' lang='lat' dir='ltr'>multa.</span> <span class='ocrx_word' id='word_1_41' title='bbox 1067 684 1186 743; x_wconf 92' lang='lat' dir='ltr'>Accidit</span> 
     </span>
     <span class='ocr_line' id='line_1_7' title="bbox 179 782 1186 864; baseline -0.001 -23"><span class='ocrx_word' id='word_1_42' title='bbox 179 785 336 856; x_wconf 88' lang='lat' dir='ltr'>fortuitum,</span> <span class='ocrx_word' id='word_1_43' title='bbox 361 786 413 844; x_wconf 93' lang='lat' dir='ltr'>sed</span> <span class='ocrx_word' id='word_1_44' title='bbox 437 805 498 844; x_wconf 93' lang='lat' dir='ltr'>non</span> <span class='ocrx_word' id='word_1_45' title='bbox 526 797 676 864; x_wconf 88' lang='lat' dir='ltr'>tamquam</span> <span class='ocrx_word' id='word_1_46' title='bbox 704 787 862 858; x_wconf 86' lang='lat' dir='ltr'>fortuitum,</span> <span class='ocrx_word' id='word_1_47' title='bbox 887 785 968 862; x_wconf 92' lang='lat' dir='ltr'>quod</span> <span class='ocrx_word' id='word_1_48' title='bbox 997 784 1080 844; x_wconf 86' lang='lat' dir='ltr'>editis</span> <span class='ocrx_word' id='word_1_49' title='bbox 1104 782 1186 840; x_wconf 91' lang='lat' dir='ltr'>libris</span> 
     </span>
    </p>

    <p class='ocr_par' dir='ltr' id='par_1_3' title="bbox 138 882 1325 1558">
     <span class='ocr_line' id='line_1_8' title="bbox 138 882 1186 962; baseline -0.004 -20"><span class='ocrx_word' id='word_1_50' title='bbox 138 896 141 901; x_wconf 79' lang='grc'><em>’</em></span> <span class='ocrx_word' id='word_1_51' title='bbox 181 882 283 942; x_wconf 88' lang='lat' dir='ltr'>Certus</span> <span class='ocrx_word' id='word_1_52' title='bbox 318 884 394 942; x_wconf 90' lang='lat' dir='ltr'>intra</span> <span class='ocrx_word' id='word_1_53' title='bbox 427 886 619 961; x_wconf 89' lang='lat' dir='ltr'>paucissimos</span> <span class='ocrx_word' id='word_1_54' title='bbox 651 886 715 944; x_wconf 89' lang='lat' dir='ltr'>dies</span> <span class='ocrx_word' id='word_1_55' title='bbox 742 885 886 962; x_wconf 89' lang='lat' dir='ltr'>inplicitus</span> <span class='ocrx_word' id='word_1_56' title='bbox 913 885 1018 943; x_wconf 90' lang='lat' dir='ltr'>morbo</span> <span class='ocrx_word' id='word_1_57' title='bbox 1050 882 1186 940; x_wconf 87' lang='lat' dir='ltr'>decessit.</span> 
     </span>
     <span class='ocr_line' id='line_1_9' title="bbox 180 979 1258 1060; baseline -0.002 -20"><span class='ocrx_word' id='word_1_58' title='bbox 180 982 286 1040; x_wconf 92' lang='lat' dir='ltr'>Audivi</span> <span class='ocrx_word' id='word_1_59' title='bbox 313 981 469 1042; x_wconf 87' lang='lat' dir='ltr'>referentes</span> <span class='ocrx_word' id='word_1_60' title='bbox 497 983 572 1042; x_wconf 88' lang='lat' dir='ltr'>hanc</span> <span class='ocrx_word' id='word_1_61' title='bbox 595 983 754 1060; x_wconf 85' lang='lat' dir='ltr'>imaginem</span> <span class='ocrx_word' id='word_1_62' title='bbox 776 984 867 1041; x_wconf 90' lang='lat' dir='ltr'>menti</span> <span class='ocrx_word' id='word_1_63' title='bbox 892 983 962 1053; x_wconf 92' lang='lat' dir='ltr'>eius,</span> <span class='ocrx_word' id='word_1_64' title='bbox 988 982 1064 1040; x_wconf 90' lang='lat' dir='ltr'>hanc</span> <span class='ocrx_word' id='word_1_65' title='bbox 1092 979 1186 1038; x_wconf 91' lang='lat' dir='ltr'>oculis</span> <span class='ocrx_word' id='word_1_66' title='bbox 1202 995 1258 1030; x_wconf 89' lang='lat'>120</span> 
     </span>
     <span class='ocr_line' id='line_1_10' title="bbox 181 1079 1184 1156; baseline -0.003 -18"><span class='ocrx_word' id='word_1_67' title='bbox 181 1081 340 1152; x_wconf 92' lang='lat' dir='ltr'>oberrasse,</span> <span class='ocrx_word' id='word_1_68' title='bbox 363 1090 513 1156; x_wconf 88' lang='lat' dir='ltr'>tamquam</span> <span class='ocrx_word' id='word_1_69' title='bbox 539 1081 647 1140; x_wconf 89' lang='lat' dir='ltr'>videret</span> <span class='ocrx_word' id='word_1_70' title='bbox 670 1100 718 1140; x_wconf 90' lang='lat' dir='ltr'>me</span> <span class='ocrx_word' id='word_1_71' title='bbox 743 1083 797 1140; x_wconf 89' lang='lat' dir='ltr'>sibi</span> <span class='ocrx_word' id='word_1_72' title='bbox 826 1099 894 1139; x_wconf 91' lang='lat' dir='ltr'>cum</span> <span class='ocrx_word' id='word_1_73' title='bbox 921 1080 997 1140; x_wconf 84' lang='lat' dir='ltr'>ferro</span> <span class='ocrx_word' id='word_1_74' title='bbox 1023 1079 1184 1138; x_wconf 89' lang='lat' dir='ltr'>imminere.</span> 
     </span>
     <span class='ocr_line' id='line_1_11' title="bbox 180 1177 1185 1252; baseline 0 -18"><span class='ocrx_word' id='word_1_75' title='bbox 180 1178 297 1236; x_wconf 90' lang='lat' dir='ltr'>Verane</span> <span class='ocrx_word' id='word_1_76' title='bbox 315 1178 387 1236; x_wconf 90' lang='lat' dir='ltr'>haec</span> <span class='ocrx_word' id='word_1_77' title='bbox 408 1178 560 1237; x_wconf 89' lang='lat' dir='ltr'>adfirmare</span> <span class='ocrx_word' id='word_1_78' title='bbox 579 1197 640 1237; x_wconf 92' lang='lat' dir='ltr'>non</span> <span class='ocrx_word' id='word_1_79' title='bbox 662 1179 774 1249; x_wconf 88' lang='lat' dir='ltr'>ausim;</span> <span class='ocrx_word' id='word_1_80' title='bbox 799 1180 918 1238; x_wconf 90' lang='lat' dir='ltr'>interest</span> <span class='ocrx_word' id='word_1_81' title='bbox 937 1189 1038 1236; x_wconf 89' lang='lat' dir='ltr'>tamen</span> <span class='ocrx_word' id='word_1_82' title='bbox 1056 1177 1185 1252; x_wconf 84' lang='lat' dir='ltr'>exempli</span> 
     </span>
     <span class='ocr_line' id='line_1_12' title="bbox 179 1275 1185 1354; baseline -0.002 -20"><span class='ocrx_word' id='word_1_83' title='bbox 179 1287 212 1335; x_wconf 90' lang='lat' dir='ltr'>ut</span> <span class='ocrx_word' id='word_1_84' title='bbox 239 1295 307 1334; x_wconf 89' lang='lat' dir='ltr'>vera</span> <span class='ocrx_word' id='word_1_85' title='bbox 331 1276 489 1334; x_wconf 87' lang='lat' dir='ltr'>videantur.</span> <span class='ocrx_word' id='word_1_86' title='bbox 532 1277 634 1336; x_wconf 89' lang='lat' dir='ltr'>Habes</span> <span class='ocrx_word' id='word_1_87' title='bbox 660 1278 821 1354; x_wconf 90' lang='lat' dir='ltr'>epistulam,</span> <span class='ocrx_word' id='word_1_88' title='bbox 845 1278 869 1336; x_wconf 92' lang='lat' dir='ltr'>si</span> <span class='ocrx_word' id='word_1_89' title='bbox 894 1277 1016 1335; x_wconf 92' lang='lat' dir='ltr'>modum</span> <span class='ocrx_word' id='word_1_90' title='bbox 1042 1275 1185 1352; x_wconf 88' lang='lat' dir='ltr'>epistulae</span> 
     </span>
     <span class='ocr_line' id='line_1_13' title="bbox 179 1374 1184 1452; baseline -0.002 -18"><span class='ocrx_word' id='word_1_91' title='bbox 179 1375 300 1450; x_wconf 87' lang='lat' dir='ltr'>cogites,</span> <span class='ocrx_word' id='word_1_92' title='bbox 328 1374 407 1433; x_wconf 91' lang='lat' dir='ltr'>libris</span> <span class='ocrx_word' id='word_1_93' title='bbox 435 1393 510 1451; x_wconf 92' lang='lat' dir='ltr'>quos</span> <span class='ocrx_word' id='word_1_94' title='bbox 542 1375 635 1452; x_wconf 89' lang='lat' dir='ltr'>legisti</span> <span class='ocrx_word' id='word_1_95' title='bbox 663 1394 725 1434; x_wconf 92' lang='lat' dir='ltr'>non</span> <span class='ocrx_word' id='word_1_96' title='bbox 754 1377 919 1447; x_wconf 89' lang='lat' dir='ltr'>minorem;</span> <span class='ocrx_word' id='word_1_97' title='bbox 955 1375 1008 1434; x_wconf 92' lang='lat' dir='ltr'>sed</span> <span class='ocrx_word' id='word_1_98' title='bbox 1035 1374 1184 1450; x_wconf 89' lang='lat' dir='ltr'>inputabis</span> 
     </span>
     <span class='ocr_line' id='line_1_14' title="bbox 179 1473 1325 1558; baseline 0.006 -26"><span class='ocrx_word' id='word_1_99' title='bbox 179 1474 240 1544; x_wconf 93' lang='lat' dir='ltr'>tibi,</span> <span class='ocrx_word' id='word_1_100' title='bbox 255 1473 305 1549; x_wconf 92' lang='lat' dir='ltr'>qui</span> <span class='ocrx_word' id='word_1_101' title='bbox 319 1482 473 1532; x_wconf 90' lang='lat' dir='ltr'>contentus</span> <span class='ocrx_word' id='word_1_102' title='bbox 488 1474 567 1534; x_wconf 88' lang='lat' dir='ltr'>libris</span> <span class='ocrx_word' id='word_1_103' title='bbox 581 1493 642 1533; x_wconf 92' lang='lat' dir='ltr'>non</span> <span class='ocrx_word' id='word_1_104' title='bbox 657 1474 743 1536; x_wconf 84' lang='lat' dir='ltr'>fuisti.</span> <span class='ocrx_word' id='word_1_105' title='bbox 784 1473 867 1532; x_wconf 85' lang='lat' dir='ltr'>Vale.</span> <span class='ocrx_word' id='word_1_106' title='bbox 1200 1486 1254 1538; x_wconf 90' lang='lat'>1²5</span> <span class='ocrx_word' id='word_1_107' title='bbox 1324 1546 1325 1558; x_wconf 11' lang='grc' dir='ltr'>χ</span> 
     </span>
    </p>
   </div>
   <div class='ocr_carea' id='block_1_3' title="bbox 498 1705 856 1788">
    <p class='ocr_par' dir='ltr' id='par_1_4' title="bbox 498 1705 856 1788">
     <span class='ocr_line' id='line_1_15' title="bbox 498 1705 856 1788; baseline -0.008 -19"><span class='ocrx_word' id='word_1_108' title='bbox 498 1714 548 1769; x_wconf 81' lang='lat' dir='ltr'>re.</span> <span class='ocrx_word' id='word_1_109' title='bbox 593 1706 771 1788; x_wconf 68' lang='lat' dir='ltr'>(soona.</span> <span class='ocrx_word' id='word_1_110' title='bbox 798 1705 856 1787; x_wconf 90' lang='lat'>15.)</span> 
     </span>
    </p>
   </div>
   <div class='ocr_carea' id='block_1_4' title="bbox 177 1853 1184 2086">
    <p class='ocr_par' dir='ltr' id='par_1_5' title="bbox 177 1853 1184 2086">
     <span class='ocr_line' id='line_1_16' title="bbox 211 1853 1184 1919; baseline 0 -17"><span class='ocrx_word' id='word_1_111' title='bbox 211 1854 283 1918; x_wconf 92' lang='lat' dir='ltr'>Pliny</span> <span class='ocrx_word' id='word_1_112' title='bbox 294 1855 339 1904; x_wconf 91' lang='lat' dir='ltr'>has</span> <span class='ocrx_word' id='word_1_113' title='bbox 349 1856 441 1919; x_wconf 88' lang='lat' dir='ltr'>sought</span> <span class='ocrx_word' id='word_1_114' title='bbox 452 1855 539 1904; x_wconf 89' lang='lat' dir='ltr'>leisure</span> <span class='ocrx_word' id='word_1_115' title='bbox 551 1855 577 1903; x_wconf 94' lang='lat' dir='ltr'>in</span> <span class='ocrx_word' id='word_1_116' title='bbox 592 1855 634 1903; x_wconf 90' lang='lat' dir='ltr'>the</span> <span class='ocrx_word' id='word_1_117' title='bbox 646 1861 757 1919; x_wconf 90' lang='lat' dir='ltr'>country,</span> <span class='ocrx_word' id='word_1_118' title='bbox 769 1856 815 1905; x_wconf 94' lang='lat' dir='ltr'>but</span> <span class='ocrx_word' id='word_1_119' title='bbox 826 1855 887 1904; x_wconf 91' lang='lat' dir='ltr'>does</span> <span class='ocrx_word' id='word_1_120' title='bbox 901 1861 946 1903; x_wconf 91' lang='lat' dir='ltr'>not</span> <span class='ocrx_word' id='word_1_121' title='bbox 957 1853 1008 1902; x_wconf 89' lang='lat' dir='ltr'>find</span> <span class='ocrx_word' id='word_1_122' title='bbox 1021 1853 1096 1902; x_wconf 89' lang='lat' dir='ltr'>much</span> <span class='ocrx_word' id='word_1_123' title='bbox 1111 1853 1184 1902; x_wconf 88' lang='lat' dir='ltr'>satis-</span> 
     </span>
     <span class='ocr_line' id='line_1_17' title="bbox 177 1937 1184 2000; baseline -0.001 -14"><span class='ocrx_word' id='word_1_124' title='bbox 177 1938 272 1987; x_wconf 79' lang='lat' dir='ltr'>faction</span> <span class='ocrx_word' id='word_1_125' title='bbox 295 1939 363 1988; x_wconf 92' lang='lat' dir='ltr'>there</span> <span class='ocrx_word' id='word_1_126' title='bbox 391 1939 470 1988; x_wconf 88' lang='lat' dir='ltr'>either</span> <span class='ocrx_word' id='word_1_127' title='bbox 491 1939 517 1986; x_wconf 91' lang='lat' dir='ltr'>in</span> <span class='ocrx_word' id='word_1_128' title='bbox 538 1938 578 1986; x_wconf 94' lang='lat' dir='ltr'>his</span> <span class='ocrx_word' id='word_1_129' title='bbox 603 1938 696 1987; x_wconf 89' lang='lat' dir='ltr'>studies</span> <span class='ocrx_word' id='word_1_130' title='bbox 718 1954 747 1987; x_wconf 90' lang='lat' dir='ltr'>or</span> <span class='ocrx_word' id='word_1_131' title='bbox 769 1939 796 1987; x_wconf 93' lang='lat' dir='ltr'>in</span> <span class='ocrx_word' id='word_1_132' title='bbox 818 1939 861 1988; x_wconf 90' lang='lat' dir='ltr'>the</span> <span class='ocrx_word' id='word_1_133' title='bbox 884 1938 964 1988; x_wconf 85' lang='lat' dir='ltr'>duties</span> <span class='ocrx_word' id='word_1_134' title='bbox 987 1937 1017 1987; x_wconf 88' lang='lat' dir='ltr'>of</span> <span class='ocrx_word' id='word_1_135' title='bbox 1040 1954 1056 1986; x_wconf 87' lang='lat' dir='ltr'>a</span> <span class='ocrx_word' id='word_1_136' title='bbox 1078 1944 1184 2000; x_wconf 88' lang='lat' dir='ltr'>country</span> 
     </span>
     <span class='ocr_line' id='line_1_18' title="bbox 178 2021 328 2086; baseline 0 -16"><span class='ocrx_word' id='word_1_137' title='bbox 178 2021 328 2086; x_wconf 85' lang='lat' dir='ltr'>gentlenran.</span> 
     </span>
    </p>
   </div>
   <div class='ocr_carea' id='block_1_5' title="bbox 468 2149 891 2200">
    <p class='ocr_par' dir='ltr' id='par_1_6' title="bbox 468 2149 891 2200">
     <span class='ocr_line' id='line_1_19' title="bbox 468 2149 891 2200; baseline -0.007 -8"><span class='ocrx_word' id='word_1_138' title='bbox 468 2150 493 2192; x_wconf 84' lang='lat' dir='ltr'>c.</span> <span class='ocrx_word' id='word_1_139' title='bbox 515 2149 627 2200; x_wconf 77' lang='lat' dir='ltr'>arturus</span> <span class='ocrx_word' id='word_1_140' title='bbox 648 2149 773 2192; x_wconf 77' lang='lat' dir='ltr'>rancour</span> <span class='ocrx_word' id='word_1_141' title='bbox 793 2150 855 2191; x_wconf 84' lang='lat' dir='ltr'>suo</span> <span class='ocrx_word' id='word_1_142' title='bbox 868 2150 891 2190; x_wconf 92' lang='lat' dir='ltr'>s.</span> 
     </span>
    </p>
   </div>
   <div class='ocr_carea' id='block_1_6' title="bbox 179 2272 1228 3235">
    <p class='ocr_par' dir='ltr' id='par_1_7' title="bbox 179 2272 1228 3235">
     <span class='ocr_line' id='line_1_20' title="bbox 221 2272 1182 2350; baseline -0.004 -19"><span class='ocrx_word' id='word_1_143' title='bbox 221 2273 397 2350; x_wconf 85' lang='lat' dir='ltr'>Refugeram</span> <span class='ocrx_word' id='word_1_144' title='bbox 424 2273 454 2330; x_wconf 89' lang='lat' dir='ltr'>in</span> <span class='ocrx_word' id='word_1_145' title='bbox 482 2273 605 2343; x_wconf 88' lang='lat' dir='ltr'>Tuscos,</span> <span class='ocrx_word' id='word_1_146' title='bbox 634 2281 666 2330; x_wconf 90' lang='lat' dir='ltr'>ut</span> <span class='ocrx_word' id='word_1_147' title='bbox 697 2274 798 2331; x_wconf 90' lang='lat' dir='ltr'>omnia</span> <span class='ocrx_word' id='word_1_148' title='bbox 825 2272 863 2331; x_wconf 89' lang='lat' dir='ltr'>ad</span> <span class='ocrx_word' id='word_1_149' title='bbox 897 2272 1045 2330; x_wconf 91' lang='lat' dir='ltr'>arbitrium</span> <span class='ocrx_word' id='word_1_150' title='bbox 1080 2289 1182 2328; x_wconf 90' lang='lat' dir='ltr'>meum</span> 
     </span>
     <span class='ocr_line' id='line_1_21' title="bbox 179 2370 1181 2447; baseline -0.002 -17"><span class='ocrx_word' id='word_1_151' title='bbox 179 2372 313 2430; x_wconf 87' lang='lat' dir='ltr'>facerem.</span> <span class='ocrx_word' id='word_1_152' title='bbox 356 2372 396 2429; x_wconf 92' lang='lat' dir='ltr'>At</span> <span class='ocrx_word' id='word_1_153' title='bbox 408 2371 465 2430; x_wconf 91' lang='lat' dir='ltr'>hoc</span> <span class='ocrx_word' id='word_1_154' title='bbox 480 2391 517 2430; x_wconf 93' lang='lat' dir='ltr'>ne</span> <span class='ocrx_word' id='word_1_155' title='bbox 534 2372 564 2428; x_wconf 90' lang='lat' dir='ltr'>in</span> <span class='ocrx_word' id='word_1_156' title='bbox 580 2370 686 2430; x_wconf 89' lang='lat' dir='ltr'>Tuscis</span> <span class='ocrx_word' id='word_1_157' title='bbox 706 2371 840 2447; x_wconf 91' lang='lat' dir='ltr'>quidem:</span> <span class='ocrx_word' id='word_1_158' title='bbox 862 2380 923 2428; x_wconf 91' lang='lat' dir='ltr'>tam</span> <span class='ocrx_word' id='word_1_159' title='bbox 937 2371 1035 2430; x_wconf 89' lang='lat' dir='ltr'>multis</span> <span class='ocrx_word' id='word_1_160' title='bbox 1050 2371 1181 2447; x_wconf 91' lang='lat' dir='ltr'>undique</span> 
     </span>
     <span class='ocr_line' id='line_1_22' title="bbox 180 2469 1180 2546; baseline 0 -18"><span class='ocrx_word' id='word_1_161' title='bbox 180 2470 353 2529; x_wconf 90' lang='lat' dir='ltr'>rusticorum</span> <span class='ocrx_word' id='word_1_162' title='bbox 372 2469 473 2527; x_wconf 90' lang='lat' dir='ltr'>libellis</span> <span class='ocrx_word' id='word_1_163' title='bbox 494 2478 523 2526; x_wconf 90' lang='lat' dir='ltr'>et</span> <span class='ocrx_word' id='word_1_164' title='bbox 544 2479 604 2527; x_wconf 90' lang='lat' dir='ltr'>tam</span> <span class='ocrx_word' id='word_1_165' title='bbox 625 2471 750 2545; x_wconf 89' lang='lat' dir='ltr'>querulis</span> <span class='ocrx_word' id='word_1_166' title='bbox 770 2471 926 2546; x_wconf 92' lang='lat' dir='ltr'>inquietor,</span> <span class='ocrx_word' id='word_1_167' title='bbox 941 2487 1016 2545; x_wconf 90' lang='lat' dir='ltr'>quos</span> <span class='ocrx_word' id='word_1_168' title='bbox 1031 2469 1180 2546; x_wconf 84' lang='lat' dir='ltr'>aliquanto</span> 
     </span>
     <span class='ocr_line' id='line_1_23' title="bbox 180 2567 1180 2644; baseline 0.002 -20"><span class='ocrx_word' id='word_1_169' title='bbox 180 2569 274 2642; x_wconf 89' lang='lat' dir='ltr'>magis</span> <span class='ocrx_word' id='word_1_170' title='bbox 292 2568 395 2625; x_wconf 89' lang='lat' dir='ltr'>invitus</span> <span class='ocrx_word' id='word_1_171' title='bbox 410 2585 499 2643; x_wconf 90' lang='lat' dir='ltr'>quam</span> <span class='ocrx_word' id='word_1_172' title='bbox 512 2585 595 2626; x_wconf 92' lang='lat' dir='ltr'>meos</span> <span class='ocrx_word' id='word_1_173' title='bbox 614 2567 698 2644; x_wconf 87' lang='lat' dir='ltr'>lego;</span> <span class='ocrx_word' id='word_1_174' title='bbox 720 2587 789 2626; x_wconf 90' lang='lat' dir='ltr'>narn</span> <span class='ocrx_word' id='word_1_175' title='bbox 809 2577 838 2626; x_wconf 92' lang='lat' dir='ltr'>et</span> <span class='ocrx_word' id='word_1_176' title='bbox 859 2585 942 2626; x_wconf 86' lang='lat' dir='ltr'>meos</span> <span class='ocrx_word' id='word_1_177' title='bbox 963 2569 1076 2626; x_wconf 91' lang='lat' dir='ltr'>invitus.</span> <span class='ocrx_word' id='word_1_178' title='bbox 1119 2567 1180 2626; x_wconf 93' lang='lat' dir='ltr'>Re-</span> 
     </span>
     <span class='ocr_line' id='line_1_24' title="bbox 179 2663 1210 2742; baseline 0.002 -20"><span class='ocrx_word' id='word_1_179' title='bbox 179 2675 272 2724; x_wconf 90' lang='lat' dir='ltr'>tracto</span> <span class='ocrx_word' id='word_1_180' title='bbox 288 2666 365 2723; x_wconf 90' lang='lat' dir='ltr'>enim</span> <span class='ocrx_word' id='word_1_181' title='bbox 380 2663 556 2723; x_wconf 89' lang='lat' dir='ltr'>actiunculas</span> <span class='ocrx_word' id='word_1_182' title='bbox 576 2666 727 2740; x_wconf 88' lang='lat' dir='ltr'>quasdam,</span> <span class='ocrx_word' id='word_1_183' title='bbox 746 2666 830 2742; x_wconf 76' lang='lat' dir='ltr'>quod,</span> <span class='ocrx_word' id='word_1_184' title='bbox 844 2676 912 2741; x_wconf 89' lang='lat' dir='ltr'>post</span> <span class='ocrx_word' id='word_1_185' title='bbox 932 2665 1180 2742; x_wconf 89' lang='lat' dir='ltr'>intercapedinem</span> <span class='ocrx_word' id='word_1_186' title='bbox 1194 2687 1210 2736; x_wconf 84' lang='lat'>5</span> 
     </span>
     <span class='ocr_line' id='line_1_25' title="bbox 181 2755 1180 2841; baseline 0.002 -19"><span class='ocrx_word' id='word_1_187' title='bbox 181 2763 320 2838; x_wconf 91' lang='lat' dir='ltr'>temporis</span> <span class='ocrx_word' id='word_1_188' title='bbox 333 2773 362 2821; x_wconf 93' lang='lat' dir='ltr'>et</span> <span class='ocrx_word' id='word_1_189' title='bbox 372 2763 508 2839; x_wconf 81' lang='lat' dir='ltr'>frigidum</span> <span class='ocrx_word' id='word_1_190' title='bbox 519 2773 547 2821; x_wconf 89' lang='lat' dir='ltr'>et</span> <span class='ocrx_word' id='word_1_191' title='bbox 562 2755 698 2822; x_wconf 89' lang='lat' dir='ltr'>acerbum</span> <span class='ocrx_word' id='word_1_192' title='bbox 714 2773 765 2823; x_wconf 92' lang='lat' dir='ltr'>est.</span> <span class='ocrx_word' id='word_1_193' title='bbox 808 2763 950 2823; x_wconf 90' lang='lat' dir='ltr'>Rationes</span> <span class='ocrx_word' id='word_1_194' title='bbox 961 2765 1043 2841; x_wconf 88' lang='lat' dir='ltr'>quasi</span> <span class='ocrx_word' id='word_1_195' title='bbox 1059 2765 1180 2824; x_wconf 92' lang='lat' dir='ltr'>absente</span> 
     </span>
     <span class='ocr_line' id='line_1_26' title="bbox 181 2861 1181 2938; baseline -0.001 -16"><span class='ocrx_word' id='word_1_196' title='bbox 181 2880 230 2922; x_wconf 90' lang='lat' dir='ltr'>me</span> <span class='ocrx_word' id='word_1_197' title='bbox 258 2861 456 2936; x_wconf 88' lang='lat' dir='ltr'>negleguntur.</span> <span class='ocrx_word' id='word_1_198' title='bbox 514 2861 664 2920; x_wconf 90' lang='lat' dir='ltr'>Interdum</span> <span class='ocrx_word' id='word_1_199' title='bbox 690 2870 791 2919; x_wconf 91' lang='lat' dir='ltr'>tamen</span> <span class='ocrx_word' id='word_1_200' title='bbox 818 2881 925 2938; x_wconf 89' lang='lat' dir='ltr'>equum</span> <span class='ocrx_word' id='word_1_201' title='bbox 954 2863 1122 2921; x_wconf 90' lang='lat' dir='ltr'>conscendo</span> <span class='ocrx_word' id='word_1_202' title='bbox 1150 2872 1181 2921; x_wconf 93' lang='lat' dir='ltr'>et</span> 
     </span>
     <span class='ocr_line' id='line_1_27' title="bbox 181 2959 1179 3039; baseline 0.001 -20"><span class='ocrx_word' id='word_1_203' title='bbox 181 2970 294 3039; x_wconf 90' lang='lat' dir='ltr'>patrem</span> <span class='ocrx_word' id='word_1_204' title='bbox 313 2959 438 3018; x_wconf 85' lang='lat' dir='ltr'>familiae</span> <span class='ocrx_word' id='word_1_205' title='bbox 457 2961 597 3020; x_wconf 89' lang='lat' dir='ltr'>hactenus</span> <span class='ocrx_word' id='word_1_206' title='bbox 619 2979 685 3038; x_wconf 87' lang='lat' dir='ltr'>ago,</span> <span class='ocrx_word' id='word_1_207' title='bbox 705 2961 785 3037; x_wconf 94' lang='lat' dir='ltr'>quod</span> <span class='ocrx_word' id='word_1_208' title='bbox 810 2961 936 3038; x_wconf 88' lang='lat' dir='ltr'>aliquam</span> <span class='ocrx_word' id='word_1_209' title='bbox 960 2971 1072 3038; x_wconf 90' lang='lat' dir='ltr'>partem</span> <span class='ocrx_word' id='word_1_210' title='bbox 1095 2980 1179 3037; x_wconf 89' lang='lat' dir='ltr'>prae-</span> 
     </span>
     <span class='ocr_line' id='line_1_28' title="bbox 182 3058 1180 3136; baseline -0.001 -16"><span class='ocrx_word' id='word_1_211' title='bbox 182 3060 305 3131; x_wconf 88' lang='lat' dir='ltr'>diorum,</span> <span class='ocrx_word' id='word_1_212' title='bbox 330 3058 383 3117; x_wconf 91' lang='lat' dir='ltr'>sed</span> <span class='ocrx_word' id='word_1_213' title='bbox 410 3077 464 3136; x_wconf 90' lang='lat' dir='ltr'>pro</span> <span class='ocrx_word' id='word_1_214' title='bbox 488 3061 651 3136; x_wconf 88' lang='lat' dir='ltr'>gestatione</span> <span class='ocrx_word' id='word_1_215' title='bbox 674 3077 819 3136; x_wconf 88' lang='lat' dir='ltr'>percurro.</span> <span class='ocrx_word' id='word_1_216' title='bbox 861 3058 911 3117; x_wconf 91' lang='lat' dir='ltr'>Tu</span> <span class='ocrx_word' id='word_1_217' title='bbox 936 3061 1180 3119; x_wconf 89' lang='lat' dir='ltr'>consuetudinem</span> 
     </span>
     <span class='ocr_line' id='line_1_29' title="bbox 182 3158 1228 3235; baseline -0.001 -18"><span class='ocrx_word' id='word_1_218' title='bbox 182 3176 262 3218; x_wconf 89' lang='lat' dir='ltr'>serva</span> <span class='ocrx_word' id='word_1_219' title='bbox 276 3158 417 3234; x_wconf 87' lang='lat' dir='ltr'>nobisque</span> <span class='ocrx_word' id='word_1_220' title='bbox 432 3159 473 3218; x_wconf 92' lang='lat' dir='ltr'>sic</span> <span class='ocrx_word' id='word_1_221' title='bbox 486 3158 599 3218; x_wconf 85' lang='lat' dir='ltr'>rusticis</span> <span class='ocrx_word' id='word_1_222' title='bbox 612 3158 725 3216; x_wconf 89' lang='lat' dir='ltr'>urbana</span> <span class='ocrx_word' id='word_1_223' title='bbox 738 3167 802 3216; x_wconf 89' lang='lat' dir='ltr'>acta</span> <span class='ocrx_word' id='word_1_224' title='bbox 815 3159 971 3235; x_wconf 90' lang='lat' dir='ltr'>perscribe.</span> <span class='ocrx_word' id='word_1_225' title='bbox 1013 3158 1095 3218; x_wconf 90' lang='lat' dir='ltr'>Vale.</span> <span class='ocrx_word' id='word_1_226' title='bbox 1196 3182 1228 3217; x_wconf 84' lang='lat' dir='ltr'>ro</span> 
     </span>
    </p>
   </div>
   <div class='ocr_carea' id='block_1_7' title="bbox 0 0 1339 3914">
    <p class='ocr_par' dir='ltr' id='par_1_8' title="bbox 0 0 1339 3914">
     <span class='ocr_line' id='line_1_30' title="bbox 0 0 1339 3914; baseline 0 0"><span class='ocrx_word' id='word_1_227' title='bbox 0 0 1339 3914; x_wconf 95' lang='lat' dir='ltr'> </span> 
     </span>
    </p>
   </div>
  </div>
 </body>
</html>
