2646 3914
624 650 652 710 A

151 856 468 934 SELECTION
512 859 668 968 FROM
707 859 826 933 THE
869 857 1124 932 LETTERS

611 1075 658 1126 OF

266 1275 315 1358 C.
358 1275 617 1359 PLINIUS
665 1275 1005 1359 CAECILIUS

454 1481 818 1566 SECUNDUS.

477 1801 504 1858 1.
546 1795 676 1877 (Boou
701 1815 725 1855 1.
751 1793 788 1876 ι.)
899 1817 900 1825 ¹

192 1923 265 1992 Pliny
275 1925 347 1978 sends
358 1926 397 1978 his
408 1926 492 1978 letters
504 1933 530 1977 to
542 1905 672 1993 Septicius,
684 1927 742 1978 who
754 1926 804 1977 had
814 1924 969 1992 encouraged
980 1924 1033 1974 him
1045 1932 1072 1974 to

543 2010 633 2060 collect
645 2009 722 2060 them.

418 2146 444 2188 C.
466 2146 578 2188 PLINIUS
598 2145 726 2188 SEPTICIO
746 2146 800 2188 SUO
821 2146 844 2188 S·

172 2258 372 2328 Fuuousuruu
389 2260 519 2319 hortatus
533 2278 565 2318 es
579 2270 611 2318 ut
624 2259 771 2336 epistulas,
787 2260 885 2336 siquas
899 2258 986 2336 paulo
1002 2259 1126 2319 curatius

130 2359 320 2435 scripsissem,
335 2358 502 2434 colligerem
523 2358 767 2434 publicaremque.
809 2357 923 2434 Collegi
937 2376 998 2416 non
1013 2366 1125 2416 servato

129 2457 270 2532 temporis
293 2457 396 2515 ordIne
417 2453 526 2533 (neque
550 2455 628 2514 enirn
652 2455 802 2514 historiam
824 2456 1052 2534 conponebam),
1074 2454 1127 2512 sed

129 2562 161 2610 ut
182 2571 316 2630 quaeque
337 2554 367 2611 iu
388 2572 492 2640 manus
513 2563 638 2614 venerat.
681 2552 817 2631 Superest
837 2563 869 2612 ut
890 2572 945 2613 nec
966 2563 993 2613 te
1014 2552 1126 2612 consilii

98 2663 185 2712 suec
212 2669 261 2709 me
288 2652 432 2728 paeniteat
459 2653 601 2729 obsequii.
656 2651 702 2710 Ita
729 2653 808 2710 euim
836 2653 885 2710 liet
913 2662 945 2710 ut
972 2671 1021 2712 eas
1049 2669 1124 2728 quae

126 2748 225 2808 adhuc
249 2751 399 2826 neglectae
424 2751 519 2809 iacent
543 2751 695 2828 requiram,
717 2760 746 2810 et
770 2752 868 2828 siquas
893 2751 1040 2830 addidero,
1064 2767 1126 2807 non

126 2847 315 2926 supprimam.
357 2847 439 2907 Vale.

467 3063 499 3118 2.
541 3055 670 3137 (BOOK
695 3077 720 3116 1.
743 3055 783 3138 a.)

171 3184 248 3251 Pliny
257 3186 329 3237 sends
340 3203 355 3238 a
367 3185 457 3252 speech
468 3195 496 3237 to
507 3187 546 3236 his
557 3187 635 3238 friend
646 3189 765 3239 Arrianus
777 3189 815 3238 lor
825 3187 962 3239 correction
973 3188 1007 3251 by
1017 3185 1076 3235 him.

408 3325 433 3367 C.
455 3325 569 3367 PLINIUS
588 3325 717 3367 huumno
739 3325 793 3368 SUO
814 3325 836 3367 S.

165 3436 244 3511 QuIa
267 3438 423 3498 tardiorem
447 3435 604 3496 adventum
625 3447 707 3497 tuum
731 3437 887 3514 prospicio,
908 3437 1012 3496 librum
1034 3455 1122 3514 quem

121 3536 268 3630 prioribus
295 3537 424 3614 epistulis
452 3537 641 3614 promiseram
669 3536 804 3598 exhibeo.
861 3537 951 3596 Hunc
982 3554 1056 3614 rogo
1085 3557 1122 3597 ex

137 3649 152 3660 ‘
617 3651 635 3694 a
