2646 3914
155 152 195 217 62
423 165 445 212 A
472 125 668 214 arracr'rorr
687 165 792 213 raon
814 165 883 213 rna

151 324 313 383 Perfectum
328 343 403 401 opus
422 326 644 402 absolutumque
664 335 707 384 est
728 345 783 385 nec
804 327 862 384 iam
885 326 1060 402 splendescit
1074 327 1152 399 lima,

150 423 202 482 sed
214 425 348 480 atteritur.
393 422 494 482 Patere
516 443 563 483 me
577 425 673 482 videre
694 425 807 483 titulum
827 436 919 496 tuum,
933 435 1033 501 patere
1053 426 1153 484 audire
1165 445 1196 480 ιο

150 521 272 580 describi
307 521 364 596 legi
392 522 489 580 venire
517 524 664 581 volumina
699 523 859 599 Tranquilli
890 524 957 581 mei.
1014 524 1152 599 Aequum

149 630 193 679 est
228 638 283 678 nos
318 620 348 677 in
377 638 475 679 amore
500 630 559 679 tam
587 632 689 680 mutuo
718 622 842 680 eandem
872 622 1023 698 percipere
1051 640 1087 680 ex
1123 631 1151 681 te

148 719 334 794 voluptatem,
356 737 414 794 qua
435 729 465 777 tu
486 719 640 795 perfrueris
662 740 699 779 ex
720 721 814 782 nobis.
855 719 936 778 Vale.

465 935 519 988 48.
562 928 691 1009 (BOOK
713 945 739 1005 5.
765 928 823 1009 14.)

181 1075 263 1125 While
276 1076 347 1140 Pliny
358 1091 410 1126 was
426 1075 542 1140 enjoying
558 1084 662 1140 country
674 1077 813 1126 retirement
830 1077 891 1126 with
908 1076 947 1125 his
961 1075 1037 1125 wife’s
1055 1076 1148 1140 family,

147 1159 189 1208 the
206 1175 273 1208 news
283 1160 329 1208 has
340 1159 444 1208 reached
460 1160 512 1207 him
525 1161 554 1208 0f
566 1161 698 1210 Comutus'
710 1160 882 1224 appointment
894 1175 920 1208 as
932 1159 1051 1223 guardian
1063 1158 1093 1206 of
1107 1159 1149 1208 the

147 1243 271 1292 Aemilian
283 1259 344 1307 way,
357 1260 389 1292 an
401 1250 473 1293 event
485 1243 564 1292 which
576 1244 643 1308 gives
654 1244 707 1292 him
718 1244 808 1293 sincere
820 1243 980 1292 satisfaction.

451 1395 475 1435 C.
492 1396 604 1437 PLINIUS
624 1397 729 1437 PONTIO
750 1396 804 1437 SUO
825 1396 847 1436 S·

188 1516 372 1577 Secesseram
389 1519 419 1576 in
437 1519 636 1595 municipium,
652 1539 720 1578 cum
741 1519 811 1577 mihi
833 1519 996 1579 nuntiatum
1016 1529 1059 1578 est
1074 1519 1145 1578 Cor-

146 1626 247 1676 nutum
271 1607 606 1695 Tertullum'accepisse
630 1618 771 1678 Aemiliae
786 1609 856 1676 ¹viae
881 1637 988 1676 curam.
1041 1617 1145 1694 Expri-

144 1734 223 1774 mere
251 1735 313 1775 non
340 1734 470 1793 possum,
496 1726 605 1793 quanto
630 1717 685 1776 sim
709 1717 816 1792 gaudio
842 1716 972 1776 adfectus
1001 1727 1029 1774 et
1053 1717 1145 1792 ipsius

145 1825 173 1873 et
194 1833 260 1873 meo
284 1816 420 1887 nomine3
450 1816 547 1891 ipsius,
563 1817 660 1892 quod,
683 1817 718 1874 sit
738 1816 814 1886 licet,
836 1817 909 1874 sicut
929 1824 981 1886 est,
1005 1816 1041 1872 ab
1063 1817 1145 1873 omni

145 1913 302 1972 ambitione
323 1912 411 1988 longe
432 1923 568 1984 remotus,
592 1913 678 1972 debet
702 1925 801 1972 tamen
826 1913 851 1971 ei
880 1913 1023 1971 iucundus
1048 1912 1168 1977 honors

144 2029 208 2070 esse
230 2012 305 2069 ultro
327 2010 428 2084 datus;
458 2029 534 2082 me0,
557 2012 637 2088 quod
658 2013 805 2089 aliquanto
830 2012 924 2087 magis
948 2029 996 2069 me
1019 2011 1143 2070 delectat

143 2109 314 2168 mandatum
345 2109 415 2166 mihi
443 2110 579 2181 officium,
608 2121 765 2187 postquam
793 2128 846 2187 par
876 2109 1008 2168 Cornuto
1041 2110 1142 2168 datum

142 2209 235 2268 video.
278 2207 383 2285 Neque
408 2209 486 2267 enim
509 2209 607 2286 augeri
636 2209 774 2284 dignitate
799 2226 888 2285 quam
913 2209 1030 2284 aequari
1054 2208 1141 2266 bonis

141 2308 258 2384 gratius.
302 2305 433 2365 Cornuto
448 2317 543 2365 autem
562 2306 632 2384 quid
650 2308 772 2368 melius?
802 2306 872 2382 quid
892 2306 1041 2365 sanctius?
1072 2306 1142 2382 quid

141 2407 171 2462 in
192 2405 273 2462 omni
293 2424 398 2481 genere
419 2405 511 2463 laudis
532 2406 570 2464 ad
591 2405 738 2482 exemplar
759 2404 935 2480 antiquitatis
956 2404 1140 2478 expressius?
1153 2427 1184 2461 ro

141 2500 231 2572 Quod
252 2503 322 2559 mihi
344 2503 495 2579 cognitum
517 2512 561 2561 est
582 2521 642 2562 non
665 2502 749 2576 fama,
772 2520 830 2579 qua
851 2501 958 2578 alioqui
978 2502 1090 2577 optima
1111 2514 1139 2561 et

140 2600 323 2659 meritissima
357 2599 465 2670 fruitur,
498 2601 550 2659 sed
585 2601 680 2677 longis
715 2601 888 2676 magnisque
923 2600 1137 2675 experimentis.

138 2695 207 2755 Una
221 2697 375 2773 diligimus,
390 2716 449 2756 una
468 2697 619 2756 dileximus
640 2716 743 2756 omnes
764 2698 823 2756 fere
844 2715 918 2773 quos
940 2706 1019 2755 aetas
1039 2708 1139 2756 nostra

136 2800 167 2856 in
191 2805 314 2872 utroque
340 2814 411 2854 sexu
436 2794 625 2854 aemulandos
650 2797 728 2868 tulit;
766 2814 840 2872 quae
865 2796 988 2855 societas
1018 2797 1137 2854 amiciti-

137 2914 217 2955 arum
232 2893 374 2953 artissima
387 2911 442 2952 nos
453 2894 642 2952 familiaritate
654 2895 812 2952 coniunxit.
844 2894 975 2952 Accessit
989 2895 1136 2953 vinculum
1148 2918 1178 2969 15

137 2993 358 3055 necessitudinis
380 2993 522 3070 publicae.
564 2995 649 3053 Idem
674 2995 751 3052 enim
777 2993 855 3064 mihi,
878 3002 909 3050 ut
932 2993 997 3064 scis,
1023 2993 1136 3071 collega

136 3095 218 3171 quasi
248 3101 315 3150 voto
345 3092 450 3167 petitus
480 3093 510 3149 in
539 3093 719 3170 praefectura
746 3092 844 3150 aerarii
875 3090 936 3162 fuit,
965 3089 1017 3149 suit
1047 3103 1075 3150 et
1104 3093 1135 3150 in

136 3193 296 3252 consulatu.
339 3189 417 3249 Tum
447 3209 502 3267 ego
532 3193 580 3268 qui
610 3192 651 3248 vir
679 3200 708 3249 et
737 3201 862 3268 quantus
892 3199 967 3248 esset
997 3189 1135 3250 altissime

135 3292 256 3368 inspexi,
279 3308 346 3348 curn
369 3308 504 3366 sequerer
525 3299 556 3347 ut
577 3290 754 3364 magistrum,
777 3298 808 3346 ut
832 3297 982 3364 parentem
1005 3309 1133 3363 vererer;

135 3389 214 3466 quod
242 3407 304 3447 non
331 3399 392 3446 tam
417 3388 518 3446 aetatis
552 3388 713 3444 maturitate
744 3404 831 3462 quam
859 3387 933 3444 vitae
960 3389 1133 3448 merebatur.
1145 3410 1177 3446 20

134 3487 192 3545 His
214 3506 249 3544 ex
274 3488 367 3545 causis
388 3495 420 3544 ut
440 3487 479 3545 illi
501 3487 540 3544 sie
562 3485 633 3543 mihi
654 3484 787 3561 gratulor,
809 3502 864 3542 nec
886 3484 1017 3560 privatim
1039 3489 1133 3564 magis

133 3603 221 3663 quam
245 3585 365 3660 publice,
391 3587 471 3663 quod
493 3586 612 3646 tandem
636 3584 771 3644 homines
795 3601 855 3642 non
878 3583 915 3642 ad
940 3584 1076 3659 pericula,
1100 3597 1132 3646 ut
