2646 3914
187 145 229 224 48
458 161 480 210 A
506 162 703 211 aaaaorrorv
721 161 824 210 saon
847 159 915 208 rma

187 319 290 378 eadem
304 319 462 380 honestatis
481 342 549 382 cura
571 334 682 383 secreto
704 342 780 401 quae
801 323 918 399 palam?
960 320 1045 380 Multi
1066 320 1184 390 famam,

188 423 396 480 conscientiam
423 425 509 501 pauci
535 434 676 484 verentur.
719 422 777 482 Sed
805 423 890 480 nimis
920 421 977 480 cito
1006 420 1042 477 de
1066 418 1185 478 futuris:

188 522 301 580 interim
332 522 474 582 beneficio
509 525 678 583 tabellarum
712 523 883 582 habebimus
918 520 1103 596 magistratus
1135 517 1184 593 qui
1195 535 1228 582 30

188 621 315 678 maxime
339 621 399 680 fieri
422 623 591 683 debuerunt.
634 624 712 682 Nam
736 631 768 680 ut
792 623 821 680 in
842 618 1051 696 reciperatoriis
1072 616 1185 678 iudiciis

188 721 229 777 sic
258 738 314 778 nos
343 723 372 778 in
400 721 445 780 his
473 723 596 781 comitiis
622 723 704 799 quasi
732 730 851 798 repente
879 717 1052 795 adprehensi
1081 716 1185 775 sinceri

188 820 297 878 iudices
318 819 432 878 fuimus.
476 820 560 878 Haec
582 821 633 879 tibi
656 821 765 897 scripsi,
786 820 912 896 primum
934 825 964 874 ut
986 814 1094 892 aliquid
1116 813 1184 872 novi

189 919 351 988 scriberem,
367 920 472 978 deinde
485 928 518 977 ut
535 938 596 977 non
618 937 779 995 numquam
801 919 837 976 de
855 935 885 974 re
907 914 1024 992 publica
1041 913 1183 989 loquerer,

188 1017 269 1077 cuius
290 1017 425 1076 materiae
447 1018 532 1076 nobis
553 1028 661 1094 quanto
682 1018 771 1076 rarior
792 1035 880 1092 quam
900 1015 1044 1073 veteribus
1065 1012 1183 1069 occasio
1194 1022 1224 1072 35

187 1125 268 1174 tanto
292 1117 388 1174 minus
411 1117 570 1175 omittenda
591 1127 641 1176 est.
683 1117 721 1176 Et
741 1116 856 1176 hercule
878 1131 1030 1191 quousque
1052 1111 1099 1168 illa
1123 1111 1184 1168 vul-

187 1215 266 1289 garia
281 1215 368 1289 ‘quid
383 1215 465 1289 agis?
487 1214 590 1291 ecquid
606 1215 762 1274 commode
773 1214 850 1273 vales
860 1213 881 1273 l’
918 1213 1055 1270 Habeant
1068 1217 1184 1267 nostrae

188 1331 306 1388 quoque
320 1313 429 1371 litterae
445 1313 551 1391 aliquid
565 1334 627 1374 non
640 1315 749 1372 humile
763 1333 818 1372 nec
834 1306 983 1371 sordidum
998 1327 1052 1368 nec
1067 1307 1184 1384 privatis

187 1414 273 1469 rebus
298 1412 448 1471 inclusum.
501 1411 574 1472 Sunt
596 1413 714 1491 quidem
739 1423 843 1471 cuncta
871 1413 925 1469 sub
947 1409 1033 1468 unius
1058 1405 1183 1476 arbitri0,

187 1510 236 1584 qui
259 1528 312 1586 pro
334 1511 453 1569 utilitate
476 1512 624 1570 communi
647 1511 726 1570 solus
751 1511 882 1568 omnium
905 1527 988 1567 curas
1010 1507 1183 1581 laboresque
1192 1518 1225 1568 40

187 1609 314 1684 suscepit
323 1628 331 1681 3
354 1609 473 1685 quidam
487 1619 585 1668 tamen
600 1609 706 1668 salubri
725 1618 956 1684 temperamento
975 1605 1022 1664 ad
1033 1621 1089 1663 nos
1108 1620 1182 1678 quo·

186 1724 242 1781 que
257 1707 332 1766 velut
353 1708 403 1765 rivi
424 1727 460 1766 ex
480 1709 529 1767 illo
549 1708 759 1784 benignissimo
778 1707 859 1765 sonte
880 1707 1042 1770 decurrunt,
1058 1719 1133 1779 quos
1154 1709 1184 1759 et

185 1803 296 1864 haurire
321 1808 376 1882 ipsi
398 1816 426 1865 et
451 1807 618 1866 absentibus
642 1806 742 1865 amicis
763 1806 847 1881 quasi
871 1806 1033 1864 ministrare
1054 1799 1183 1877 epistulis

187 1921 351 1979 possumus.
393 1904 475 1963 Vale.

508 2125 559 2179 35.
602 2115 731 2195 (BOOK
753 2138 778 2195 3.
804 2115 865 2196 21.)

218 2254 288 2318 Pliny
305 2261 397 2319 regrets
414 2255 455 2304 the
472 2255 548 2304 death
565 2255 594 2304 of
607 2255 708 2304 Martial
725 2255 772 2303 the
784 2261 857 2318 poet;
877 2223 927 2302 and
943 2253 1063 2302 mentions
1080 2253 1135 2302 that
1151 2255 1182 2304 he

184 2338 234 2386 had
252 2338 324 2387 made
347 2338 448 2386 Martial
470 2354 486 2386 a
508 2345 605 2402 present
627 2337 710 2386 before
730 2338 761 2386 he
783 2335 828 2385 left
849 2336 923 2399 Italy,
939 2336 964 2384 in
986 2343 1068 2384 retum
1091 2335 1129 2385 for
1150 2352 1182 2385 rur

185 2419 303 2483 epigram,
315 2420 396 2469 which
406 2420 439 2494 he
450 2420 568 2483 subjoins.

408 2565 433 2605 C.
454 2565 565 2606 PLINIUS
586 2565 729 2607 CORNELIO
750 2565 847 2607 PRISCO
867 2565 920 2606 SUO
941 2565 964 2606 S.

226 2686 324 2745 Audio
352 2687 499 2746 Valerium
527 2687 690 2746 Martialem
719 2687 878 2747 decessisse
909 2698 938 2746 et
966 2688 1088 2746 moleste
1109 2685 1182 2749 lero.

185 2781 254 2850 Erat
282 2784 371 2844 homo
400 2787 569 2862 ingeniosus
596 2795 696 2846 acutus
724 2805 798 2856 acer,
826 2795 854 2844 et
890 2785 938 2861 qui
966 2786 1121 2862 plurimum
1150 2789 1183 2846 in

187 2883 340 2942 scribendo
375 2893 404 2943 et
435 2885 502 2944 salis
529 2885 648 2944 haberet
675 2896 704 2944 et
731 2885 804 2944 fellis
833 2903 887 2946 nec
916 2885 1048 2943 candoris
1075 2886 1182 2948 minua.

184 2979 359 3056 Prosecutus
384 3002 463 3042 eram
490 2985 592 3044 viatico
621 2985 822 3044 secedentem:
858 2984 996 3043 dederam
1024 2985 1081 3043 hoc
1110 2987 1184 3044 ami·

184 3083 276 3154 citiae,
306 3081 443 3140 dederam
472 3084 559 3142 etiarn
591 3082 737 3144 versiculis
764 3101 839 3160 quos
867 3083 904 3141 de
931 3102 979 3142 me
1007 3084 1206 3158 composuit.5

183 3180 249 3239 Fuit
272 3180 372 3240 'moris
406 3182 516 3262 antiqui
550 3201 606 3248 eos
633 3183 681 3258 qui
715 3183 760 3240 vel
795 3181 973 3257 singulorum
1007 3181 1107 3240 laudes
1136 3185 1183 3244 vel

184 3281 297 3338 urbium
331 3279 506 3357 scripserant
541 3292 589 3339 aut
623 3281 782 3340 honoribus
818 3291 868 3340 aut
902 3281 1027 3358 pecunia
1061 3295 1182 3356 ornare;

184 3379 289 3438 nostris
324 3397 391 3437 vero
421 3379 599 3454 temporibus
628 3390 659 3438 ut
688 3381 742 3438 alia
774 3380 907 3457 speciosa
936 3390 964 3438 et
998 3377 1114 3455 egregia
1143 3379 1184 3441 ita
1210 3407 1213 3416 ’

184 3475 241 3535 hoc
270 3480 300 3536 in
329 3479 429 3556 primis
460 3477 591 3536 exolevit.
634 3479 711 3537 Nam
740 3489 896 3556 postquam
924 3478 1061 3537 desiimus
1086 3477 1183 3538 facere

184 3575 337 3650 laudanda,
358 3578 467 3638 laudari
489 3595 605 3657 quoque
630 3578 760 3657 ineptum
784 3587 927 3654 putamus.
980 3575 1102 3650 Quaeris
1129 3581 1225 3659 qui-10
