2646 3914
201 168 242 238 52
473 163 495 211 A
521 163 719 212 SELECTION
737 162 841 210 FROM
862 161 931 210 THE

202 325 371 385 manifestus
386 340 464 386 error
477 320 595 392 videtur,
610 321 735 399 ideoque
750 331 822 400 puto
842 323 936 393 nobis,
952 322 1035 398 quasi
1053 321 1200 398 scripserit

204 424 320 495 Sabina,
335 423 500 481 faciendum
515 422 595 498 quod
609 423 673 498 ipsa
691 421 840 498 scripsisse
855 440 886 480 se
901 421 1029 479 credidit.
1072 419 1199 478 Confido

203 539 387 581 accessurum
415 531 443 580 te
471 521 628 579 sententiae
656 539 747 592 meae,
774 537 841 577 curn
866 520 1079 596 religiosissime
1104 519 1199 577 soleas

203 621 348 680 custodire
377 618 581 678 defunctorum
603 619 790 690 voluntatem,
815 637 903 693 quam
931 620 1016 678 bonis
1044 617 1198 696 heredibus
1210 634 1239 667 ro

202 720 375 778 intellexisse
399 737 453 795 pro
482 719 542 776 iure
570 727 622 776 est.
677 717 781 794 Neque
809 718 888 776 enim
913 717 1009 776 minus
1037 715 1115 792 apud
1142 734 1199 774 nos

203 818 340 877 honestas
365 835 454 895 quam
477 817 555 894 apud
575 817 647 874 alios
670 816 828 875 necessitas
849 814 930 875 valet.
973 815 1105 874 Moretur
1126 831 1198 890 ergo

201 919 232 975 in
260 918 388 976 libertate
418 907 579 974 sinentibus
604 915 698 985 nobis,
724 914 831 972 fruatur
855 913 960 990 legato,
989 913 1071 989 quasi
1099 913 1200 972 omnia

202 1015 419 1092 diligentissime
434 1014 547 1072 caverit.
590 1012 672 1072 Cavit
686 1013 764 1072 enim
778 1030 853 1090 quae
872 1013 993 1072 heredes
1012 1013 1087 1072 bene
1103 1011 1198 1088 elegit.

201 1114 282 1173 Vale.
1211 1125 1238 1174 15

470 1350 474 1360 Ι
519 1275 572 1329 39.
615 1261 745 1346 (BOOK
767 1288 794 1340 4.
820 1266 878 1346 13.)

234 1399 306 1462 Pliny
323 1398 344 1447 is
361 1398 504 1463 promoting
522 1399 563 1447 the
582 1399 767 1450 establishment
784 1399 841 1449 ofa
858 1400 944 1449 school
962 1407 987 1449 at
1004 1399 1126 1458 Comum;
1150 1398 1199 1446 and

201 1483 283 1530 writes
294 1489 321 1530 to
334 1481 378 1530 ask
392 1481 495 1529 Tacitus
507 1487 534 1529 to
551 1480 611 1528 look
623 1489 667 1530 out
679 1481 716 1530 lor
727 1498 827 1546 persons
838 1482 933 1547 willing
947 1482 995 1531 and
1007 1481 1062 1530 able
1074 1489 1100 1530 to
1113 1481 1200 1530 under·

201 1564 260 1614 take
271 1565 312 1613 the
329 1579 383 1613 care
395 1563 424 1612 ol
432 1563 458 1622 it,
464 1563 536 1611 r‘rom
551 1579 643 1627 among
658 1561 741 1612 whom
757 1564 799 1614 the
813 1572 911 1628 parents
926 1563 956 1612 of
969 1565 1010 1612 the
1022 1561 1130 1612 children
1141 1574 1200 1626 may

200 1647 291 1697 choose
303 1664 318 1696 a
329 1651 427 1695 master.

497 1782 522 1823 C.
543 1783 655 1823 PLINIUS
676 1783 782 1826 TACITO
804 1783 857 1824 SUO
878 1784 900 1824 S.

244 1897 360 1956 Salvum
388 1896 418 1953 in
447 1898 548 1954 urbem
573 1897 685 1955 venisse
710 1898 835 1973 gaudeo.
886 1898 998 1958 Venisti
1027 1908 1131 1968 autem,
1161 1897 1199 1956 si-

200 1997 318 2073 quando
334 1995 412 2066 alias,
427 2013 505 2052 nunc
519 1996 646 2052 maxime
665 1996 736 2054 mihi
756 1997 943 2056 desideratus.
985 1997 1053 2074 lpse
1068 1997 1200 2072 pauculis

201 2094 295 2152 adhuc
330 2093 431 2151 diebus
465 2094 496 2150 in
527 2093 696 2152 Tusculano
724 2096 939 2167 commorabor,
967 2105 998 2154 ut
1026 2094 1201 2170 opusculum

202 2192 282 2270 quod
305 2202 348 2251 est
369 2192 400 2248 in
420 2191 555 2251 manibus
573 2192 733 2252 absolvam.
774 2191 887 2254 Vereor
905 2195 986 2253 enim
1006 2212 1053 2266 ne,
1074 2194 1098 2252 si
1122 2193 1200 2250 hanc

201 2292 392 2349 intentionem
413 2290 470 2347 iam
493 2290 522 2347 in
548 2290 606 2348 fine
630 2290 818 2364 intermisere,
840 2311 926 2369 aegre
954 2309 1107 2351 resumam.
1151 2289 1226 2350 In-5

200 2391 284 2448 terim
302 2407 339 2446 ne
360 2388 430 2464 quid
449 2387 625 2447 festinationi
646 2407 728 2449 meae
750 2399 856 2467 pereat,
872 2391 953 2467 quod
976 2408 1040 2449 surn
1061 2407 1201 2465 praesens

201 2487 340 2562 petiturus
362 2485 417 2544 hac
438 2487 520 2563 quasi
542 2488 741 2562 praecursoria
762 2489 886 2564 epistula
907 2506 989 2564 rogo.
1041 2486 1101 2546 Sed
1121 2486 1201 2562 prius

201 2586 301 2662 accipe
329 2602 431 2643 causas
456 2583 585 2660 rogandi.
638 2584 773 2644 Proxime
799 2605 867 2645 cum
892 2587 921 2644 in
945 2587 1038 2663 patria
1060 2604 1126 2644 mea
1150 2585 1202 2657 fui,

201 2683 279 2742 venit
303 2681 342 2740 ad
364 2701 411 2741 me
437 2682 620 2740 salutandum
642 2684 796 2759 municipis
821 2686 879 2744 mei
900 2685 975 2743 filius
996 2693 1201 2762 praetextatus

202 2781 281 2841 Huic
306 2800 363 2856 ego
389 2781 538 2840 ‘studeri’
569 2783 697 2857 inquam.
740 2781 905 2860 Respondit
926 2782 1050 2842 ‘etiam’
1093 2781 1202 2841 ‘Ubi?’
1216 2804 1247 2838 10

201 2875 398 2938 ‘Mediolani'
440 2879 519 2939 ‘Cur
534 2899 594 2939 non
609 2879 687 2938 hicl’
714 2890 742 2939 et
764 2892 846 2957 pater
866 2881 927 2940 eius
949 2879 1022 2961 (erat
1043 2880 1121 2940 enim
1142 2899 1204 2940 una

201 2989 288 3054 atque
302 2977 389 3035 etiam
404 2977 465 3053 ipse
485 2976 643 3037 adduxerat
661 2976 805 3058 puerum),
829 2979 914 3056 ‘quia
934 2979 1028 3038 nullos
1050 2979 1096 3037 hic
1118 2998 1203 3056 prae·

200 3087 332 3155 ceptores
347 3077 506 3135 habemus!
549 3076 665 3149 ‘Quare
684 3077 801 3135 nullos?
827 3096 897 3136 narn
911 3077 1098 3137 vehementer
1114 3079 1202 3137 inter-

200 3187 261 3236 erat
281 3187 383 3247 vestra,
403 3176 454 3252 qui
474 3185 569 3252 patres
589 3173 676 3246 estiS‚’
694 3185 722 3232 et
743 3186 906 3251 opportune
928 3175 1084 3252 conplures
1105 3186 1202 3252 patres

198 3276 360 3347 audiebant,
390 3275 514 3334 ‘liberos
542 3283 652 3332 vestros
680 3273 726 3330 hic
754 3273 939 3349 potissimum
967 3273 1088 3332 discere.
1141 3273 1201 3333 Ubi
1214 3289 1244 3339 15
1304 3283 1311 3298 ”

198 3376 277 3432 enim
291 3385 341 3433 aut
353 3374 506 3433 iucundius
521 3381 710 3444 morarentur,
726 3391 816 3448 quam
835 3374 866 3429 in
885 3371 986 3447 patria,
1003 3381 1053 3429 aut
1067 3372 1201 3448 pudicius

197 3473 420 3544 continerentur,
456 3490 544 3549 quam
580 3473 634 3530 sub
673 3471 764 3528 oculis
799 3480 960 3545 parentum,
997 3479 1047 3527 aut
1086 3471 1200 3528 minore

197 3581 323 3648 sumptu,
344 3591 431 3649 quam
446 3571 546 3630 domi?
588 3569 768 3642 Quantulum
790 3577 833 3627 est
855 3586 925 3644 ergo
947 3568 1052 3626 collata
1073 3571 1201 3644 pecunia
