2646 3914
180 173 220 238 70
452 173 475 219 a
500 171 697 222 snrrcrrorv
717 171 821 220 raon
841 171 910 218 mm

180 351 245 390 mea
267 341 297 389 te
321 341 473 404 ostentare,
488 341 585 390 tecum
606 332 764 390 circumire.
807 331 851 390 Ea
873 341 918 390 est
943 332 1096 390 auctoritas
1117 338 1176 400 tua,

179 439 210 487 ut
223 439 324 504 putem
338 447 386 486 me
401 429 545 488 efficacius
560 439 656 488 tecum
675 430 761 488 etiam
776 448 858 488 meos
872 430 982 488 amicos
996 437 1175 504 rogaturum.
1188 445 1226 493 30

178 527 337 604 Abrumpe,
357 528 445 614 siqua¹
460 538 489 586 te
509 529 650 587 retinent:
680 528 737 587 hoc
758 539 873 606 tempus
892 547 998 594 meum,
1016 526 1074 585 hoc
1093 525 1176 596 fides,

178 625 235 684 hoc
260 627 347 684 etiam
370 627 495 703 dignitas
518 626 654 704 postulat.
698 627 819 704 Suscepi
840 627 1037 697 candidatum,
1059 635 1088 683 et
1112 643 1176 683 sus-

178 724 288 799 cepisse
303 743 350 783 me
365 735 467 784 uotum
486 735 545 784 est:
577 745 633 802 ego
654 728 761 798 ambio,
776 745 832 802 ego
853 726 1015 802 periclitor:
1045 725 1075 781 in
1097 742 1176 782 sum-

178 840 234 894 ma,
250 823 274 881 si
288 824 371 881 datur
385 824 500 883 Nasoni
514 825 595 900 quod
609 825 688 901 petit,
700 825 774 885 illius
788 826 899 897 honor;
927 825 951 882 si
965 833 1094 900 negatur,
1109 840 1177 879 mea

178 922 293 998 repulsa
306 933 358 980 est.
399 923 481 981 Vale.
1188 937 1223 986 35

508 1137 561 1190 56.
604 1130 733 1210 (BOOK
755 1133 784 1188 6.
802 1130 841 1208 7.)

194 1261 266 1325 Pliny
277 1261 298 1310 is
309 1261 369 1325 glad
381 1261 436 1310 that
446 1262 484 1310 his
496 1261 551 1310 wise
566 1262 629 1312 finds
642 1263 684 1311 the
699 1279 766 1312 same
778 1263 889 1327 pleasure
903 1261 951 1311 and
968 1261 1072 1310 comfort
1085 1261 1108 1308 in
1120 1260 1159 1309 his

498 1345 589 1402 letters,
601 1361 628 1394 as
639 1345 671 1394 he
683 1345 743 1395 does
754 1347 780 1394 in
791 1347 855 1395 hers.

431 1498 456 1538 C.
477 1499 589 1539 PLINIUS
609 1499 791 1540 CALPURNIAE
811 1501 884 1540 SUAE
904 1501 926 1540 S.

218 1609 324 1668 Scribis
346 1621 374 1668 te
396 1611 526 1671 absentia
547 1631 613 1670 mea
634 1631 695 1671 non
716 1615 898 1673 mediocriter
920 1613 1004 1672 adfici
1025 1631 1174 1689 unumque

176 1705 283 1767 habere
309 1710 457 1782 solacium,
481 1711 562 1787 quod
583 1728 637 1786 pro
657 1730 706 1770 me
726 1712 837 1771 libellos
858 1729 941 1770 meos
961 1722 1068 1782 teneas,
1086 1730 1174 1787 saepe

177 1807 263 1865 etiam
288 1807 318 1865 in
347 1809 468 1884 vestigio
495 1827 563 1867 meo
592 1810 740 1869 conloces.
791 1809 914 1869 Gratum
941 1820 985 1869 est
1010 1810 1090 1886 quod
1118 1827 1174 1867 nos

176 1906 304 1978 requiris,
319 1915 434 1981 gratum
455 1907 536 1982 quod
549 1907 593 1965 his
610 1907 749 1967 fomentis
769 1909 948 1984 adquiescis:
976 1908 1102 1966 invicem
1116 1926 1175 1984 ego

177 2006 313 2080 epistulas
328 2018 392 2065 tuas
406 2008 501 2065 lectito
521 2017 607 2083 atque
627 2008 785 2068 identidem
805 2011 836 2067 in
857 2028 960 2068 manus
980 2009 1061 2087 quasi
1082 2025 1199 2078 novas5

177 2122 280 2177 sumo;
313 2106 364 2163 sed
387 2124 423 2165 eo
445 2109 539 2183 magis
561 2107 599 2164 ad
624 2107 797 2167 desiderium
822 2110 862 2167 tui
888 2110 1042 2168 accendor.
1094 2107 1174 2164 Nam

176 2204 257 2262 cuius
286 2205 394 2264 litterae
422 2215 534 2264 tantum
561 2206 670 2265 habent
698 2210 851 2280 suavitatis,
876 2208 961 2266 huius
989 2208 1174 2266 sermonibus

176 2313 318 2377 quantum
336 2305 496 2365 dulcedinis
516 2307 607 2364 inest!
651 2307 700 2366 Tu
721 2319 819 2366 tamen
839 2325 929 2382 quam
943 2291 1173 2383 frequentissime

177 2403 277 2474 scribe,
292 2405 357 2463 licet
372 2405 429 2465 hoc
444 2407 482 2464 ita
496 2426 544 2465 me
558 2407 690 2478 delectet,
705 2417 737 2466 ut
751 2419 891 2483 torqueat.
934 2405 1018 2463 Vale.
1056 2399 1061 2414 ⁸

495 2620 546 2674 57.
589 2614 719 2694 (BOOK
743 2618 768 2673 6.
788 2613 847 2693 κο.)

212 2737 283 2801 Pliny
294 2740 394 2805 visiting
406 2741 448 2791 the
459 2741 549 2792 former
561 2745 683 2793 residence
700 2745 729 2793 os
736 2745 868 2808 Verginius
879 2746 900 2793 is
915 2745 1044 2793 distressed
1056 2752 1082 2793 to
1095 2743 1145 2791 find

261 2821 315 2871 that
326 2824 368 2872 the
380 2834 522 2876 monument
534 2828 563 2877 of
571 2827 626 2877 that
637 2828 772 2878 illustrious
783 2843 841 2877 man
852 2829 874 2877 is
886 2828 937 2877 still
948 2828 1093 2877 unfinished.

475 2966 501 3006 C.
522 2967 634 3006 PLlNlUS
654 2967 761 3007 ALBINO
782 2966 835 3006 SUO
855 2967 878 3006 S·

220 3073 296 3132 Cum
325 3076 469 3134 venissem
496 3078 527 3136 in
556 3075 763 3137 socrus'meae
786 3077 881 3135 villam
906 3067 1078 3147 Alsiensem,
1104 3095 1180 3152 quae

179 3170 335 3248 aliquando
352 3172 420 3232 Rufi
435 3175 556 3251 Vergini
575 3176 635 3247 suit,
651 3176 715 3252 ipse
734 3174 805 3233 mihi
826 3177 908 3233 locus
931 3175 1034 3251 optimi
1055 3175 1129 3232 illius
1150 3185 1181 3232 et

178 3273 295 3330 maximi
317 3273 368 3330 viri
394 3274 569 3333 desiderium
590 3293 652 3333 non
678 3275 740 3333 sine
765 3275 866 3333 dolore
888 3275 1045 3333 renovavit.
1088 3273 1181 3333 Hunc

179 3371 257 3428 enim
271 3372 396 3431 incolere
412 3389 559 3432 secessum
574 3383 661 3450 atque
679 3375 767 3432 etiam
789 3373 944 3431 senectutis
964 3391 1033 3431 suae
1047 3371 1179 3430 nidulum

178 3486 283 3528 vocare
311 3481 509 3531 consueverat.
566 3471 764 3550 Quocumque
797 3490 845 3529 me
873 3471 1069 3541 contulissem,
1097 3470 1202 3547 illum5

178 3566 302 3639 animus
317 3569 397 3628 illum
410 3570 488 3630 oculi
506 3570 697 3647 requirebant.
740 3571 838 3628 Libuit
857 3570 944 3628 etiarn
963 3569 1179 3627 monimentum
