2662 3914
189 141 349 191 LETTERS
372 140 415 189 OE
438 142 467 192 0.
483 143 631 191 PLINIUS
654 142 838 190 CAECILIUS
854 139 1050 188 SECUNDUS.
1097 135 1139 206 95

74 325 79 335 ¹
136 321 203 362 esse
224 322 291 362 cum
316 321 353 362 eo
378 304 428 380 qui
449 312 529 362 metu
549 314 717 380 temporum
738 321 849 364 nomen
870 303 975 379 ingens
997 319 1141 379 paresque

135 403 255 461 virtutes
271 421 389 462 secessu
403 403 529 478 tegebat,
544 402 636 462 fuerat
653 421 721 462 cum
738 403 820 460 Arria
839 412 868 461 et
881 401 1002 472 Fannia,
1017 419 1139 478 quarum

135 503 228 560 altera
248 500 367 560 Helvidi
387 519 522 573 noverca,
537 502 627 560 altera
647 512 740 560 mater
759 520 911 562 novercae.
953 501 1013 562 Sed
1027 518 1088 559 non
1102 500 1142 559 ita

135 619 185 658 me
199 601 262 658 iura
275 601 385 676 privata
399 610 430 657 ut
445 601 594 676 publicum
608 601 651 659 ias
670 610 699 658 et
718 601 876 676 indignitas
891 601 959 659 facti
973 610 1002 658 et
1015 600 1142 677 exempli

89 721 120 771 15
135 699 211 757 ratio
225 700 370 757 incitabat.
413 699 458 756 Ac
478 689 579 774 primis
598 699 717 774 quidem
740 699 842 757 diebus
856 699 985 757 redditae
1004 699 1143 757 libertatis

135 816 192 872 pro
214 816 246 856 se
267 798 389 873 quisque
409 797 544 856 inimicos
568 816 647 870 suos,
667 798 818 857 dumtaxat
838 799 976 868 minores,
989 799 1142 856 incondito

134 897 311 972 turbidoque
326 897 453 955 clamore
474 896 670 973 postulaverat
689 896 774 955 simul
793 906 822 956 et
840 905 1033 972 oppresserat.
1075 895 1142 972 Ego

136 1005 166 1054 et
187 995 348 1053 modestius
370 1005 399 1054 et
419 996 600 1055 constantius
622 997 774 1055 arbitratus
793 995 1036 1054 immanissimum
1059 1013 1142 1052 reum

136 1111 199 1152 non
214 1095 363 1152 communi
377 1103 543 1170 temporum
558 1095 673 1166 invidia,
689 1096 741 1154 sed
761 1096 878 1171 proprio
893 1095 1013 1153 crimine
1027 1112 1140 1170 urgere,

90 1209 122 1242 20
136 1209 205 1250 cum
219 1193 278 1250 iam
297 1193 367 1252 satis
385 1195 496 1270 primus
510 1195 556 1252 ille
576 1195 701 1270 impetus
721 1193 921 1252 defremuisset
935 1203 964 1252 et
977 1192 1142 1270 languidior

136 1291 168 1348 in
192 1292 255 1350 dies
278 1293 320 1350 ira
345 1293 383 1351 ad
407 1293 545 1352 iustitiam
569 1294 699 1362 redisset,
724 1311 903 1369 quamquam
928 1302 989 1351 tum
1014 1293 1141 1352 maxime

135 1390 224 1450 tristis
244 1391 353 1448 amissa
375 1409 470 1466 nuper
493 1409 594 1460 uxore,
616 1392 699 1450 mitto
725 1393 763 1450 ad
783 1391 920 1450 Anteiam
944 1389 1047 1468 (nupta
1068 1390 1142 1450 haec

137 1487 275 1546 Helvidio
289 1487 403 1566 fuerat),
418 1507 490 1565 rogo
504 1497 536 1547 ut
550 1490 654 1562 veniat,
670 1491 738 1565 quia
752 1508 800 1548 me
820 1509 922 1549 reeens
936 1491 1032 1548 adhuc
1046 1491 1141 1549 luctus

136 1587 236 1645 limine
249 1587 420 1646 contineret.
464 1587 503 1646 Ut
516 1589 602 1658 venit,
624 1590 819 1648 ‘destinatum
838 1588 896 1648 est'
917 1591 1036 1664 inquam
1052 1588 1142 1645 ‘mihi

91 1705 121 1754 ²5
137 1687 272 1745 maritum
288 1697 370 1746 tuum
384 1704 446 1745 non
458 1687 582 1746 inultum
598 1689 667 1764 pati.
709 1687 821 1747 Nuntia
835 1688 936 1746 Arriae
955 1696 984 1745 et
998 1687 1140 1744 Fanniae'

139 1786 191 1858 (ab
215 1785 301 1844 exilio
327 1784 502 1863 redierant):
532 1787 670 1846 ‘consule
694 1796 732 1858 te,
755 1787 875 1846 consule
898 1785 969 1857 illas,
993 1804 1031 1843 an
1050 1779 1141 1844 velitis

138 1884 263 1943 adscribi
287 1883 374 1956 iacto,
395 1887 425 1942 in
447 1903 508 1961 quo
529 1903 586 1960 ego
608 1887 715 1944 comite
739 1903 800 1944 non
822 1902 913 1960 egeo;
944 1883 996 1944 sed
1019 1901 1080 1942 non
1102 1885 1142 1941 ita

138 1982 247 2058 gloriae
275 2002 359 2042 meae
386 1983 514 2057 faverim,
543 1995 575 2044 ut
601 1986 685 2044 vobis
718 1985 856 2043 societate
888 1984 951 2043 eius
977 1980 1141 2042 invideam!

139 2080 249 2140 Perfert
271 2082 378 2141 Anteia
405 2084 551 2149 mandata,
579 2103 634 2142 nec
662 2083 726 2142 illae
753 2092 913 2141 morantur.
965 2081 1141 2156 Opportune

92 2203 123 2250 30
139 2190 256 2238 senatus
277 2181 351 2238 intra
373 2181 450 2239 diem
472 2183 594 2240 tertium.
637 2181 747 2264 Omnia
769 2199 826 2256 ego
846 2198 962 2256 semper
984 2179 1022 2237 ad
1041 2179 1141 2238 Corel-

138 2279 209 2337 lium
237 2281 339 2352 rettuli,
366 2299 454 2357 quem
477 2280 764 2356 providentissimum
792 2279 892 2336 aetatis
920 2288 1037 2338 nostrae
1065 2279 1141 2354 sapi·

139 2378 379 2454 entissimumque
407 2379 549 2454 cognovi3
582 2379 612 2436 in
637 2378 694 2437 hoc
716 2387 816 2436 tamen
838 2386 993 2435 contentus
1018 2377 1141 2436 consilio

139 2495 207 2535 meo
219 2477 267 2549 sui,
277 2477 383 2536 veritus
397 2496 435 2536 ne
449 2487 574 2536 vetaret:
596 2486 656 2536 erat
671 2477 750 2536 enim
764 2476 948 2536 cunctantior
963 2477 1143 2554 cautiorque.

141 2575 199 2634 Sed
213 2593 276 2634 non
290 2577 411 2634 sustinui
424 2576 560 2634 inducere
580 2577 610 2634 in
631 2578 762 2636 animum
779 2595 838 2653 quo
860 2576 956 2635 minus
976 2576 1016 2634 illi
1034 2578 1141 2648 eodem

93 2693 125 2742 35
140 2675 186 2734 die
209 2675 351 2734 facttuum
371 2693 420 2734 me
442 2676 601 2735 indicarem
622 2677 702 2753 quod
725 2696 763 2735 an
785 2676 912 2736 facerem
935 2693 996 2733 non
1020 2675 1142 2734 deliber-

141 2775 236 2845 abam,
251 2783 388 2850 expertus
402 2792 457 2832 usu
476 2775 514 2833 de
533 2793 569 2833 eo
591 2776 672 2852 quod
694 2775 881 2835 destinaveris
901 2793 964 2833 non
984 2793 1049 2834 esse
1071 2794 1142 2834 con·

140 2873 280 2932 sulendos
294 2873 398 2950 quibus
413 2874 553 2932 consultis
567 2875 691 2950 obsequi
702 2875 819 2934 debeas.
847 2874 944 2933 Venio
956 2875 986 2932 in
998 2886 1141 2944 senatum,

140 2973 185 3030 ius
213 2971 329 3030 dicendi
357 2981 435 3047 peto,
458 2973 527 3032 dico
555 2973 702 3048 paulisper
729 2973 858 3032 maximo
886 2973 1020 3032 adsensu.
1083 2973 1142 3031 Ubi

141 3071 226 3146 coepi
251 3071 361 3128 crimen
384 3072 533 3146 attingere,
554 3089 636 3130 reum
662 3072 814 3143 destinare,
837 3072 933 3132 adhuc
955 3082 1055 3130 tamen
1080 3071 1142 3128 sine

93 3189 128 3238 40
141 3170 270 3240 nomine,
298 3168 428 3244 undique
459 3169 531 3226 mihi
564 3171 722 3230 reclamari.
777 3171 860 3231 Alius
896 3172 1048 3242 ‘sciamus
1077 3171 1142 3246 quis

142 3269 179 3327 sit
207 3268 243 3326 de
272 3285 332 3343 quo
358 3278 440 3327 extra
462 3269 595 3327 ordinem
619 3269 755 3343 referas3’
791 3272 863 3330 alius
892 3272 974 3347 ‘quis
1002 3278 1046 3329 est
1073 3279 1141 3328 ante

142 3367 313 3426 relationem
346 3367 446 3428 reus'?
488 3369 560 3428 alius
595 3369 684 3428 ‘salvi
719 3369 818 3441 simus,
850 3371 900 3447 qui
935 3367 1141 3446 supersumus!

142 3465 240 3524 Audio
266 3467 491 3542 inperturbatus„
513 3468 673 3526 interritus:
706 3477 819 3527 tantum
844 3477 995 3543 susceptae
1018 3469 1060 3526 rei
1088 3469 1141 3528 ho·

142 3575 241 3623 nestas
255 3565 331 3624 valet
344 3574 515 3642 tantumque
529 3566 567 3626 ad
586 3567 722 3635 fiduciam
736 3569 781 3628 vel
799 3580 910 3634 metum
930 3567 1033 3640 differt,
1048 3568 1141 3628 nolint
