2646 3914
180 148 340 197 LETTERS
363 151 407 198 OF
429 152 458 200 C.
474 151 621 198 PLINIUS
645 151 830 198 CAECILIUS
851 149 1041 200 SECUNDUS.
1087 148 1128 218 53

130 308 296 368 conducere
320 321 532 387 praeceptores,
557 313 695 390 quodque
718 331 796 370 nunc
820 311 851 369 in
872 309 1072 378 habitationes,
1096 306 1127 364 in

87 424 119 458 20
128 407 241 480 viatica,
258 409 287 466 in
305 397 343 468 'ea
364 429 437 487 quae
459 430 580 490 peregre
602 419 735 470 emuntur
757 408 869 489 (omnia
889 419 986 467 autem
1006 424 1126 483 peregre

128 505 278 584 emuntur)
293 509 448 589 inpenditis
468 510 581 570 adicere
602 509 804 567 mercedibus?
846 507 942 584 Atque
964 507 1038 565 adeo
1061 522 1127 579 ege,

128 605 179 680 qui
208 606 339 665 nondum
366 608 474 667 liberos
502 609 606 681 habeo,
634 617 750 685 paratus
779 624 844 666 sum
872 624 925 686 pro
953 624 984 663 re
1012 603 1127 680 publica

127 711 238 775 nostra,
253 706 336 780 quasi
351 724 405 782 pro
423 707 480 765 filia
494 707 538 764 vel
557 717 685 784 parente,
699 707 812 764 tertiam
831 716 943 782 partem
964 704 1025 762 eius
1046 701 1127 778 quod

128 800 261 860 conferre
283 805 365 862 vobis
386 806 512 884 placebit
537 807 613 864 dare.
655 805 767 865 Totum
787 805 876 862 etiarn
898 803 1056 879 pollicerer,
1072 801 1126 858 nisi

87 916 116 964 25
128 899 261 959 timerem
282 921 319 960 ne
334 903 390 961 hoc
405 922 510 963 munus
524 923 623 963 meum
643 905 817 980 quandoque
837 901 946 961 ambitu
960 917 1126 974 corrumpe-

128 1008 215 1069 retur,
229 1009 260 1056 ut
283 1001 413 1060 accidere
433 1003 529 1061 multis
550 1005 580 1061 in
603 1003 676 1061 locis
701 1002 794 1074 video,
809 1002 839 1060 in
861 1000 965 1077 quibus
987 1016 1126 1075 praecep·
1168 1064 1170 1068 ,

127 1107 207 1156 tores
221 1099 335 1173 publice
350 1100 558 1160 conducuntur.
600 1101 679 1160 Huic
693 1102 761 1160 vitio
783 1101 895 1160 occurri
913 1117 974 1158 uno
995 1096 1124 1155 remedio

128 1205 234 1270 potest,
250 1197 273 1254 si
288 1197 453 1274 parentibus
469 1199 538 1258 solis
557 1201 601 1259 ius
619 1199 803 1258 conducendi
822 1199 997 1278 relinquatur
1017 1195 1125 1254 isdem-

127 1315 186 1372 que
214 1297 313 1372 religio
341 1308 418 1356 recte
446 1299 590 1374 iudicandi
615 1301 787 1360 necessitate
813 1298 973 1358 collationis
995 1292 1124 1355 addatur.

86 1411 117 1460 30
127 1393 207 1452 Nam
222 1395 270 1471 qui
285 1393 406 1455 sortasse
421 1397 457 1456 de
472 1397 567 1456 alieno
581 1400 777 1476 neglegentes,
793 1407 868 1457 certe
883 1398 920 1456 de
935 1413 988 1455 suo
1003 1394 1124 1469 diligen-

126 1503 170 1551 tes
192 1503 274 1551 erunt
294 1493 461 1572 dabuntque
482 1515 601 1573 operam
622 1517 660 1556 ne
682 1517 699 1556 a
721 1515 767 1556 me
789 1498 943 1573 pecuniam
963 1488 1051 1576 [non]
1069 1493 1125 1550 nisi

126 1591 233 1668 dignus
261 1594 391 1670 accipiat,
418 1595 441 1653 si
465 1605 635 1672 accepturus
664 1607 692 1654 et
720 1598 757 1655 ab
784 1597 855 1672 ipsis
883 1595 941 1652 erit.
997 1591 1124 1651 Proinde

126 1693 297 1764 consentite,
313 1694 476 1769 conspirate
496 1697 695 1772 maioremque
715 1696 843 1754 animum
864 1712 901 1751 ex
920 1709 989 1750 meo
1009 1689 1121 1759 sumite,

126 1791 177 1866 qui
208 1793 295 1867 cupio
323 1810 387 1850 esse
416 1811 504 1869 quam
535 1793 690 1871 plurimum
719 1794 799 1869 quod
830 1792 953 1850 debeam
981 1787 1121 1848 conferre.

84 1902 114 1950 35
126 1888 206 1946 Nihil
225 1889 376 1948 honestius
397 1901 542 1967 praestare
563 1891 659 1952 liberis
678 1893 787 1963 vestris,
803 1891 873 1950 nihil
887 1889 995 1966 gratius
1015 1886 1122 1963 patriae

125 1988 255 2063 potestis.
305 1988 473 2048 Educentur
493 1989 539 2050 hic
568 1993 617 2069 qui
646 1990 693 2050 hic
724 2000 882 2050 nascuntur
906 1988 1060 2063 statimque
1085 1986 1123 2044 ab

125 2085 246 2145 infantia
260 2087 356 2146 natale
370 2088 464 2147 solum
479 2109 575 2149 amare
588 2091 769 2167 frequentare
783 2098 981 2150 consuescant.
1024 2088 1123 2161 Atque

126 2185 236 2243 utinam
251 2195 310 2244 tam
326 2187 418 2246 claros
433 2200 635 2265 praeceptores
648 2190 799 2254 inducatis,
814 2197 846 2246 ut
861 2187 990 2245 finitimis
1004 2183 1121 2260 oppidis

126 2284 221 2342 studia
234 2284 302 2342 hinc
321 2296 463 2362 petantur,
478 2297 565 2363 utque
585 2305 662 2345 nunc
683 2285 763 2344 liberi
781 2285 865 2342 vestri
884 2283 978 2342 aliena
998 2282 1028 2342 in
1047 2280 1120 2349 loca,

83 2399 116 2448 40
125 2383 164 2440 ita
178 2401 249 2441 mox
264 2383 349 2442 alieni
363 2385 393 2441 in
407 2385 485 2443 hunc
499 2385 596 2443 locum
611 2384 760 2462 confluant
772 2381 789 2442 l'
826 2381 910 2440 Haec
925 2379 1022 2457 putavi
1036 2379 1120 2436 altius

125 2491 153 2538 et
175 2482 256 2558 quasi
276 2480 393 2542 alonte
414 2483 579 2560 repetenda,
594 2501 653 2560 quo
673 2484 766 2559 magis
788 2483 884 2552 scires,
899 2499 988 2557 quam
1004 2488 1119 2555 gratum

124 2579 195 2638 mihi
218 2580 298 2653 foret,
321 2582 345 2640 si
367 2583 527 2658 susciperes
550 2583 629 2660 quod
651 2583 780 2659 iniungo·
828 2582 955 2656 Iniungo
979 2588 1076 2637 autem
1090 2587 1120 2634 et

124 2697 178 2754 pro
193 2679 233 2738 rei
250 2680 449 2756 magnitudine
468 2699 542 2756 rogo
563 2691 594 2741 ut
614 2701 651 2740 ex
672 2682 757 2758 copia
776 2681 979 2748 studiosorum,
993 2694 1068 2752 quae
1082 2675 1120 2733 ad

124 2788 152 2835 te
175 2797 211 2836 ex
236 2778 424 2839 admiratione
449 2781 556 2856 ingenii
578 2781 618 2838 tui
639 2781 782 2850 convenit,
802 2777 1015 2852 circumspicias
1036 2791 1119 2849 prae·

82 2893 114 2940 45
125 2887 266 2953 ceptores,
283 2895 357 2954 quos
373 2879 524 2938 sollicitare
538 2880 691 2956 possimus,
708 2879 762 2936 sub
776 2895 810 2935 ea
824 2887 922 2934 tamen
937 2873 1117 2942 condicione,

123 2995 162 3034 ne
177 2977 224 3034 cui
237 2977 326 3036 fidem
341 2996 437 3036 meam
452 2979 638 3054 obstringam.
682 2977 791 3037 Omnia
805 2976 883 3033 enim
893 2975 981 3032 libera
994 2969 1117 3048 parenti·
1138 2969 1140 2973 ’

123 3075 178 3133 bus
192 3093 291 3134 servo:
316 3075 356 3133 illi
370 3077 506 3148 iudicent,
521 3076 559 3133 illi
578 3077 701 3152 eligant;
724 3093 781 3151 ego
799 3075 869 3132 mihi
887 3091 985 3130 curam
1005 3078 1117 3130 tanturn

123 3183 153 3232 et
174 3175 344 3251 inpendium
368 3175 493 3234 vindico.
535 3175 659 3233 Proinde
683 3173 772 3250 siquis
799 3153 882 3232 luerit
906 3179 1042 3254 repertus,
1068 3166 1116 3240 qui

122 3272 241 3348 ingenio
256 3292 310 3332 suo
325 3274 401 3346 fidat,
418 3284 463 3332 eat
477 3275 541 3332 illuc
557 3293 591 3333 ea
605 3275 678 3349 lege,
693 3283 724 3332 ut
743 3274 809 3331 hinc
828 3271 897 3330 nihil
916 3268 993 3329 aliud
1007 3274 1115 3324 certum

81 3385 113 3433 50
122 3390 211 3447 quam
225 3373 361 3432 fiduciam
376 3391 458 3432 suam
473 3373 550 3432 ferat.
591 3372 674 3431 Vale.
