2662 3914
169 153 229 218 108
436 168 459 217 A
484 170 682 221 surserrorv
701 173 806 221 suoru
827 172 897 222 rus

166 345 266 402 regere
280 328 326 386 vel
340 328 535 404 ignorantiam
555 331 718 391 instruere?
759 330 984 408 Cognitionibus
1000 331 1036 390 de
1052 327 1172 390 Christi-

115 454 119 462 *
166 427 229 486 anis
250 426 364 484 interlui
386 445 564 505 numquam:
594 429 662 488 ideo
683 432 782 490 nescio
809 431 879 506 quid
903 440 932 492 et
954 440 1098 506 quatenus
1123 435 1175 484 aut

167 525 264 600 puniri
288 525 380 586 soleat
401 537 450 586 aut
471 528 579 604 quaeri.
629 527 694 587 Nec
720 529 905 588 mediocriter
929 527 1073 597 haesitavi,
1098 525 1204 585 sitne5

167 623 286 699 aliquod
300 623 454 683 discrimen
470 635 605 698 aetatum,
620 645 658 684 an
674 627 833 702 quamlibet
847 627 938 685 teneri
952 626 1022 684 nihil
1037 644 1054 683 a
1067 624 1174 682 robus·

167 721 287 779 tioribus
302 722 450 792 differant;
473 723 555 781 detur
568 725 763 800 paenitentiae
778 724 871 794 venia,
887 742 925 782 an
940 724 966 782 ei
986 723 1035 798 qui
1049 721 1173 789 omnino

169 817 349 878 Christianus
363 820 416 878 fuit
430 820 540 879 desisse
560 840 622 880 non
641 824 733 899 prosit
741 843 750 895 ;
772 840 884 881 nomen
898 822 1002 897 ipsum,
1018 820 1043 878 si
1056 818 1174 894 flagitiis

168 919 271 989 careat,
287 938 325 978 an
339 919 448 996 flagitia
462 920 647 978 cohaerentia
667 922 780 980 nomini
799 922 964 998 punianturL
1005 918 1127 977 Interim
1143 919 1174 974 in

168 1017 202 1075 iis
227 1019 277 1094 qui
300 1019 338 1077 ad
360 1037 408 1076 me
429 1029 580 1094 tamquam
603 1019 758 1078 Christiani
780 1018 983 1078 deferebantur
1004 1017 1083 1075 hunc
1108 1033 1224 1073 summ

169 1126 284 1176 secutus
298 1117 429 1176 modum.
464 1117 644 1194 Interrogavi
654 1119 736 1195 ipsos
750 1137 788 1178 an
797 1128 895 1178 essent
906 1115 1078 1176 Christiani:
1102 1131 1174 1172 con-

168 1215 284 1274 fitentes
297 1216 400 1274 iterum
414 1234 448 1274 ac
462 1217 546 1275 tertio
560 1218 735 1296 interrogavi
753 1217 926 1294 supplicium
941 1216 1084 1273 minatus:
1107 1230 1174 1288 per·

169 1322 334 1372 severantes
349 1314 416 1372 duci
429 1314 507 1373 iussi.
550 1313 655 1391 Neque
670 1317 748 1374 enim
768 1315 947 1386 dubitabam,
962 1313 1174 1390 qualecumque

169 1420 247 1469 esset
265 1411 346 1488 quod
360 1411 524 1482 faterentur,
539 1414 725 1490 pertinaciam
740 1423 816 1473 certe
831 1424 860 1474 et
874 1412 1063 1472 inflexibilem
1083 1410 1174 1469 obsti-

169 1510 320 1570 nationem
336 1511 440 1572 debere
454 1512 557 1590 puniri.
599 1513 728 1573 Fuemnt
742 1514 789 1574 alii
804 1513 904 1575 similis
919 1512 1073 1582 amentiae,
1088 1527 1174 1586 quos,
1191 1529 1223 1579 ¹5

170 1608 238 1684 quia
266 1610 343 1669 cives
366 1609 495 1670 Romani
515 1621 607 1684 erant,
633 1612 768 1671 adnotavi
791 1613 822 1670 in
846 1614 950 1672 urbem
974 1609 1173 1669 remittendos.

171 1707 246 1766 Mox
273 1709 338 1786 ipso
366 1719 496 1783 tractatu,
525 1721 557 1769 ut
584 1712 644 1770 fieri
673 1712 758 1782 solet,
786 1711 967 1770 diffundente
996 1728 1026 1770 se
1053 1708 1174 1767 crimine

170 1806 267 1881 plures
282 1809 394 1886 species
413 1810 586 1869 inciderunt.
628 1808 800 1886 Propositus
820 1818 865 1870 est
886 1809 998 1868 libellus
1020 1809 1083 1868 sine
1105 1824 1175 1866 auc·

170 1915 233 1964 tore
254 1908 413 1966 multorum
438 1910 559 1967 nomina
580 1910 744 1968 continens.
786 1907 846 1980 Qui
872 1907 1020 1984 negabant
1047 1923 1111 1964 esse
1140 1922 1174 1962 se

172 2003 353 2065 Christianos
369 2015 418 2066 aut
432 2006 529 2078 fuisse,
545 2026 613 2066 cum
627 2017 784 2084 praeeunte
799 2027 847 2066 me
867 2007 939 2067 deos
955 2006 1131 2083 appellarent
1145 2015 1174 2064 et
1190 2023 1225 2058 20

171 2103 291 2180 imagini
317 2115 392 2176 tuae,
416 2123 504 2181 quarn
529 2116 648 2182 propter
673 2106 729 2166 hoc
754 2106 895 2166 iusseram
921 2124 989 2164 cum
1013 2102 1175 2164 simulacris

172 2204 326 2262 numinum
348 2204 462 2276 adferri,
478 2214 541 2264 ture
562 2223 596 2263 ac
619 2207 687 2264 vino
709 2206 912 2283 supplicarent,
928 2214 1077 2280 praeterea
1098 2201 1175 2260 male

171 2301 299 2361 dicerent
314 2302 439 2376 christo,
455 2322 579 2380 quorum
594 2305 665 2362 nihil
685 2324 772 2382 posse
792 2306 858 2382 cogi
880 2303 1014 2362 dicuntur
1036 2303 1085 2378 qui
1107 2311 1175 2360 sunt

171 2419 201 2458 re
222 2419 289 2461 vera
311 2400 475 2476 Christiani,
495 2403 683 2462 dimittendos
706 2423 770 2464 esse
792 2404 897 2482 putavi.
941 2402 998 2460 Alii
1019 2401 1056 2460 ab
1078 2400 1174 2460 indice

172 2498 453 2584 nominatiesse‘se
474 2509 656 2570 Christianos
677 2511 812 2570 dixerunt
835 2520 864 2569 et
886 2528 957 2568 mox
979 2517 1173 2585 negaverunt;
1190 2522 1221 2571 25

173 2604 260 2664 fuisse
281 2607 407 2682 quidem,
428 2608 483 2666 sed
504 2609 621 2680 desisse,
641 2610 760 2685 quidam
783 2619 849 2668 ante
870 2609 1037 2678 triennium,
1055 2607 1175 2684 quidam

173 2713 240 2762 ante
255 2705 350 2780 plures
365 2724 468 2778 annos
482 2725 544 2766 non
559 2725 648 2766 nemo
663 2708 750 2765 etiam
765 2717 832 2766 ante
847 2708 956 2783 viginti.
999 2707 1041 2766 Hi
1056 2724 1174 2783 quoque

173 2821 278 2862 omnes
289 2814 317 2862 et
330 2806 489 2882 imaginem
503 2815 583 2864 tuam
598 2806 778 2882 deorumque
799 2807 952 2867 simulacra
965 2807 1092 2864 venerati
1108 2814 1174 2864 sunt

173 2912 203 2960 et
228 2901 344 2961 Christo
367 2905 442 2962 male
463 2905 605 2965 dixerunt.
647 2903 851 2963 Adfirmabant
871 2916 968 2965 autem
989 2905 1065 2963 hanc
1087 2904 1173 2962 fuisse

174 3013 319 3061 summam
334 3001 378 3059 vel
393 3002 495 3078 culpae
510 3022 578 3062 suae
593 3003 637 3062 vel
656 3004 769 3074 erroris,
785 3005 866 3088 quod
886 3014 984 3063 essent
1003 3004 1079 3062 soliti
1100 3012 1173 3062 stato
1189 3019 1222 3067 30

173 3102 220 3160 die
249 3109 317 3161 ante
344 3100 440 3158 lucem
468 3104 623 3162 convenire
656 3121 833 3181 carmenque
861 3102 978 3161 Christo
1006 3103 1088 3179 quasi
1118 3102 1175 3159 deo

173 3199 269 3258 dicere
291 3218 391 3258 secum
412 3201 537 3260 invicem
556 3221 646 3279 seque
666 3214 850 3262 sacramento
871 3220 932 3260 non
956 3201 987 3259 in
1010 3201 1104 3261 scelus
1126 3199 1175 3258 ali·
1217 3219 1221 3227 ·

174 3298 255 3372 quod
277 3300 465 3372 obstringere,
488 3301 541 3360 sed
565 3320 602 3360 ne
626 3302 709 3374 furta,
733 3319 771 3358 ne
795 3300 953 3371 latrocinia,
975 3318 1013 3359 ne
1038 3300 1177 3358 adulteria

174 3397 396 3469 committerent,
412 3417 449 3456 ne
469 3397 558 3457 fidem
577 3399 716 3471 fallerent,
731 3418 769 3458 ne
789 3399 955 3475 depositum
975 3399 1111 3476 appellati
1125 3399 1175 3458 ab·

174 3507 331 3568 negarent:
353 3498 458 3573 quibus
473 3499 596 3575 peractis
611 3517 724 3558 morem
747 3498 801 3557 sibi
820 3497 989 3558 discedendi
1003 3497 1176 3570 luisse,'rur-
1191 3508 1222 3557 35

175 3610 282 3668 susque
303 3597 417 3654 coeundi
434 3597 471 3654 ad
492 3597 667 3675 capiendum
688 3599 794 3669 cibum,
809 3597 1008 3675 promiscuum
1028 3606 1128 3656 tamen
1148 3605 1177 3654 et
