2646 3914
234 164 392 212 LETTERS
416 164 460 212 OF
482 165 509 214 C.
525 161 672 210 PLINIUS
692 157 878 207 CAECILIUS
899 154 1090 230 SECUNDUQ.
1125 157 1161 202 11

167 320 304 381 lectorem
325 322 370 382 vel
390 323 507 397 lyristen
528 321 581 392 vel,
603 338 678 396 quae
698 338 765 378 mea
784 317 946 386 liberalitas,
968 331 1082 373 omnes.
1123 311 1163 368 At

167 430 199 478 tu
227 422 306 497 apud
333 421 434 481 nescio
462 438 549 497 quem
577 428 681 489 ostrea,
709 417 815 487 vulvas,
843 415 973 486 echinos,
1003 412 1164 472 Gaditanas

167 519 300 578 maluisti.
356 520 464 601 Dabis⁴
478 535 598 596 poenas,
627 535 689 575 non
716 515 782 573 dico
806 533 887 592 quas.
943 512 1023 571 Dure
1050 510 1162 568 fecisti:

123 638 154 674 10
167 617 299 689 invidisti,
328 618 427 677 nescio
459 636 497 674 an
528 617 587 686 tibi,
615 625 692 673 certe
724 613 803 684 mihi,
833 613 885 672 sed
914 622 1014 671 tamen
1043 620 1072 668 et
1102 608 1162 667 tibi.

168 714 319 787 Quantum
343 734 399 774 nos
423 716 600 785 lusissemus,
625 713 795 782 risissemus,
822 711 1046 769 studuissemus!
1077 717 1163 784 potes

165 816 329 890 apparatius
348 832 451 872 cenare
473 813 551 888 apud
571 811 686 882 multos,
706 827 849 886 nusquam
870 808 985 866 hilarius
1005 805 1165 882 simplicius

164 913 313 972 incautius.
358 913 394 970 In
414 930 527 972 summa
545 911 681 987 experire,
697 920 725 970 et
745 910 799 968 nisi
818 918 921 986 postea
940 917 967 966 te
985 906 1047 965 aliis
1065 905 1161 982 potius
1226 901 1231 910 '

165 1012 354 1084 excusaveris,
370 1011 440 1069 mihi
455 1029 569 1089 semper
582 1028 697 1069 excusa.
739 1008 820 1080 Vale.
1162 1013 1169 1022 '

490 1237 533 1290 11.
574 1229 704 1310 (BOOK
729 1248 753 1287 1.
779 1226 837 1308 16.)

197 1370 270 1434 Pliny
280 1369 370 1420 wishes
381 1375 408 1419 to
420 1368 494 1420 make
504 1369 542 1418 his
554 1368 631 1418 friend
642 1369 745 1418 Erucius
757 1359 837 1418 aware
849 1366 879 1418 of
885 1366 928 1417 the
939 1365 1023 1416 varied
1032 1366 1132 1431 literary

535 1452 594 1517 gifts
604 1453 633 1500 of
642 1452 795 1502 Saturninus.

462 1591 487 1632 C.
508 1589 621 1631 PLINIUS
640 1589 747 1631 ERUCIO
768 1589 822 1630 SUO
844 1589 865 1629 S.

205 1703 352 1763 Amabam
360 1703 533 1779 Pompeium
543 1701 736 1772 Saturninum,
745 1701 822 1759 hunc
832 1701 897 1761 dico
909 1709 1050 1772 nostrum,
1060 1701 1159 1759 lauda-

163 1805 289 1880 bamque
301 1803 362 1862 eius
377 1802 534 1876 ingenium,
546 1801 631 1858 etiam
646 1809 803 1878 antequam
818 1799 922 1858 scirem
936 1817 1024 1876 quam
1038 1799 1158 1872 varium,

163 1920 252 1979 quam
273 1900 406 1971 flexibile,
425 1917 513 1976 quam
533 1898 682 1975 multiplex
702 1908 793 1972 esset;
819 1917 897 1957 nunc
911 1916 979 1956 vero
997 1906 1092 1957 totum
1112 1917 1158 1956 me

163 2011 252 2071 tenet,
276 1999 372 2070 habet,
401 1998 537 2074 possidet.
578 1998 683 2056 Audivi
712 2015 813 2056 causas
842 2010 977 2075 agentem
1005 1999 1106 2056 acriter
1130 2008 1159 2056 et

135 2118 149 2168 5
164 2100 294 2158 ardenter
307 2115 362 2156 nec
377 2098 472 2154 minus
486 2094 574 2173 polite
589 2106 617 2154 et
631 2104 740 2168 ornate,
756 2097 815 2156 sive
833 2098 970 2156 meditata
988 2097 1046 2154 sive
1065 2097 1160 2155 subita

163 2197 310 2275 proferret.
360 2195 476 2252 Adsunt
504 2204 588 2268 aptae
613 2193 786 2270 crebraeque
813 2197 981 2266 sententiae,
1009 2196 1104 2271 gravis
1130 2205 1159 2252 et

163 2298 271 2355 decora
290 2294 475 2364 constructio,
493 2292 626 2350 sonantia
639 2293 726 2350 verba
745 2304 773 2351 et
792 2294 917 2369 antiqua.
959 2292 1068 2353 Omnia
1086 2291 1158 2352 haec

163 2397 235 2454 mire
257 2394 381 2472 placent,
400 2407 467 2450 cum
488 2392 599 2468 impetu
620 2392 748 2468 quodam
769 2403 798 2452 et
819 2392 936 2451 flumine
958 2391 1158 2469 pervehuntur,

163 2495 287 2571 placent,
309 2493 333 2551 si
357 2500 551 2550 retractentur.
594 2490 706 2550 Senties
728 2492 808 2569 quod
832 2510 898 2569 ego,
920 2510 987 2550 cum
1012 2490 1158 2549 orationes

119 2594 224 2651 roeius
256 2592 286 2648 in
319 2607 424 2648 manus
456 2589 620 2665 sumpseris,
654 2608 725 2666 quas
760 2590 843 2649 facile
874 2589 989 2650 cuilibet
1020 2599 1158 2662 veterum,

163 2708 288 2768 quorum
309 2699 353 2748 est
374 2688 512 2759 aemulus,
533 2690 724 2764 comparabis.
766 2687 850 2748 Idem
872 2699 969 2747 tamen
990 2690 1020 2746 in
1039 2687 1159 2749 historia

162 2790 256 2865 magis
288 2788 441 2848 satisfaciet
468 2788 512 2846 vel
542 2788 680 2847 brevitate
707 2786 752 2846 vel
783 2788 846 2846 luce
873 2787 919 2846 vel
949 2787 1086 2846 suavitate
1114 2790 1159 2848 vel

162 2889 318 2968 splendore
347 2889 433 2947 etiam
461 2898 489 2946 et
517 2887 689 2946 sublimitate
717 2886 858 2945 narrandi.
916 2884 994 2944 Nam
1029 2888 1058 2945 in
1088 2906 1158 2946 con-

162 2986 290 3046 tionibus
318 2987 395 3044 idem
424 2987 473 3062 qui
504 2986 534 3042 in
562 2987 741 3044 orationibus
768 2996 820 3058 est,
849 2987 976 3063 pressior
1003 2997 1102 3049 tamen
1130 2997 1159 3045 et

119 3105 147 3156 15
161 3086 404 3161 circumscriptior
422 3095 451 3142 et
472 3084 631 3143 adductior.
673 3084 824 3144 Praeterea
845 3085 913 3144 facit
933 3104 1038 3158 versus
1058 3086 1158 3163 quales

82 3201 86 3208 ’
161 3185 293 3244 Catullus
321 3194 369 3244 aut
394 3184 508 3255 Calvus,
537 3203 659 3243 revera
686 3184 786 3260 quales
811 3184 941 3244 Catullus
969 3196 1018 3244 aut
1042 3185 1157 3246 Calvus.

161 3284 313 3356 Quantum
348 3284 402 3342 illis
436 3284 550 3361 leporis,
587 3283 753 3356 dulcedinis,
790 3286 995 3356 amaritudinis,
1032 3287 1157 3346 amoris!

159 3383 259 3442 inserit
278 3402 356 3456 sane,
372 3384 424 3444 sed
444 3384 511 3442 data
530 3401 629 3460 opera,
643 3385 778 3443 mollibus
795 3385 962 3461 levibusque
977 3383 1157 3445 duriusculos

159 3483 313 3558 quosdam,
342 3493 370 3542 et
398 3484 455 3543 hoc
483 3484 564 3561 quasi
589 3483 719 3542 Catullus
743 3492 791 3542 aut
818 3483 931 3542 Calvus.
974 3483 1058 3562 Legit
1086 3486 1157 3544 mihi

114 3611 146 3647 20
159 3600 253 3660 nuper
263 3583 399 3661 epistulas
407 3603 416 3658 ς
438 3585 537 3645 uxoris
552 3602 615 3666 estse
631 3584 761 3644 dicebat:
783 3586 916 3644 Plautum
930 3584 975 3642 vel
987 3585 1157 3644 Terentium
