<?xml version="1.0" encoding="UTF-8"?>
<!DOCTYPE html PUBLIC "-//W3C//DTD XHTML 1.0 Transitional//EN"
    "http://www.w3.org/TR/xhtml1/DTD/xhtml1-transitional.dtd">
<html xmlns="http://www.w3.org/1999/xhtml" xml:lang="en" lang="en">
 <head>
  <title>
</title>
<meta http-equiv="Content-Type" content="text/html;charset=utf-8" />
  <meta name='ocr-system' content='tesseract 3.04.00' />
  <meta name='ocr-capabilities' content='ocr_page ocr_carea ocr_par ocr_line ocrx_word'/>
</head>
<body>
  <div class='ocr_page' id='page_1' title='image "./selectedletters05plingoog_0082.png"; bbox 0 0 2646 3914; ppageno 0'>
   <div class='ocr_carea' id='block_1_1' title="bbox 201 157 1152 247">
    <p class='ocr_par' dir='ltr' id='par_1_1' title="bbox 201 157 1152 247">
     <span class='ocr_line' id='line_1_1' title="bbox 201 157 1152 247; baseline 0.007 -31"><span class='ocrx_word' id='word_1_1' title='bbox 201 168 361 220; x_wconf 70' lang='lat' dir='ltr'>terrens</span> <span class='ocrx_word' id='word_1_2' title='bbox 384 172 428 221; x_wconf 75' lang='lat' dir='ltr'>on</span> <span class='ocrx_word' id='word_1_3' title='bbox 450 175 478 223; x_wconf 84' lang='grc' dir='ltr'>ο.</span> <span class='ocrx_word' id='word_1_4' title='bbox 494 176 640 222; x_wconf 77' lang='lat' dir='ltr'><em>PLINIUS</em></span> <span class='ocrx_word' id='word_1_5' title='bbox 662 160 849 224; x_wconf 74' lang='lat' dir='ltr'>canonius</span> <span class='ocrx_word' id='word_1_6' title='bbox 872 177 1064 226; x_wconf 79' lang='lat' dir='ltr'>sncunnns.</span> <span class='ocrx_word' id='word_1_7' title='bbox 1110 157 1152 247; x_wconf 90' lang='lat'>69</span> 
     </span>
    </p>
   </div>
   <div class='ocr_carea' id='block_1_2' title="bbox 489 373 821 456">
    <p class='ocr_par' dir='ltr' id='par_1_2' title="bbox 489 373 821 456">
     <span class='ocr_line' id='line_1_2' title="bbox 489 373 821 456; baseline 0.009 -23"><span class='ocrx_word' id='word_1_8' title='bbox 489 381 540 433; x_wconf 75' lang='lat' dir='ltr'>ss.</span> <span class='ocrx_word' id='word_1_9' title='bbox 585 373 713 454; x_wconf 75' lang='lat' dir='ltr'>(Boon</span> <span class='ocrx_word' id='word_1_10' title='bbox 737 375 821 456; x_wconf 69' lang='lat' dir='ltr'>st.)</span> 
     </span>
    </p>
   </div>
   <div class='ocr_carea' id='block_1_3' title="bbox 149 500 1153 730">
    <p class='ocr_par' dir='ltr' id='par_1_3' title="bbox 149 500 1153 730">
     <span class='ocr_line' id='line_1_3' title="bbox 184 500 1153 574; baseline 0.01 -26"><span class='ocrx_word' id='word_1_11' title='bbox 184 500 256 563; x_wconf 88' lang='lat' dir='ltr'>Pliny</span> <span class='ocrx_word' id='word_1_12' title='bbox 267 503 328 566; x_wconf 88' lang='lat' dir='ltr'>begs</span> <span class='ocrx_word' id='word_1_13' title='bbox 344 503 476 553; x_wconf 88' lang='lat' dir='ltr'>Fundanus</span> <span class='ocrx_word' id='word_1_14' title='bbox 492 512 518 554; x_wconf 94' lang='lat' dir='ltr'>to</span> <span class='ocrx_word' id='word_1_15' title='bbox 535 521 606 556; x_wconf 89' lang='lat' dir='ltr'>come</span> <span class='ocrx_word' id='word_1_16' title='bbox 621 512 648 555; x_wconf 93' lang='lat' dir='ltr'>to</span> <span class='ocrx_word' id='word_1_17' title='bbox 660 507 740 556; x_wconf 89' lang='lat' dir='ltr'>Rome</span> <span class='ocrx_word' id='word_1_18' title='bbox 755 507 803 556; x_wconf 91' lang='lat' dir='ltr'>and</span> <span class='ocrx_word' id='word_1_19' title='bbox 818 508 877 573; x_wconf 90' lang='lat' dir='ltr'><strong>help</strong></span> <span class='ocrx_word' id='word_1_20' title='bbox 888 508 944 573; x_wconf 34' lang='lat' dir='ltr'>,ln&#39;m</span> <span class='ocrx_word' id='word_1_21' title='bbox 955 509 980 558; x_wconf 95' lang='lat' dir='ltr'>in</span> <span class='ocrx_word' id='word_1_22' title='bbox 993 509 1033 558; x_wconf 92' lang='lat' dir='ltr'>his</span> <span class='ocrx_word' id='word_1_23' title='bbox 1049 517 1153 574; x_wconf 90' lang='lat' dir='ltr'>support</span> 
     </span>
     <span class='ocr_line' id='line_1_4' title="bbox 149 582 1151 657; baseline 0.013 -28"><span class='ocrx_word' id='word_1_24' title='bbox 149 582 180 630; x_wconf 85' lang='lat' dir='ltr'>of</span> <span class='ocrx_word' id='word_1_25' title='bbox 187 583 268 647; x_wconf 87' lang='lat' dir='ltr'>Julius</span> <span class='ocrx_word' id='word_1_26' title='bbox 285 585 356 634; x_wconf 89' lang='lat' dir='ltr'><strong>Naso</strong></span> <span class='ocrx_word' id='word_1_27' title='bbox 373 587 398 634; x_wconf 92' lang='lat' dir='ltr'>in</span> <span class='ocrx_word' id='word_1_28' title='bbox 415 587 454 636; x_wconf 91' lang='lat' dir='ltr'>his</span> <span class='ocrx_word' id='word_1_29' title='bbox 471 588 631 638; x_wconf 88' lang='lat' dir='ltr'>candidature</span> <span class='ocrx_word' id='word_1_30' title='bbox 648 589 686 638; x_wconf 81' lang='lat' dir='ltr'>sor</span> <span class='ocrx_word' id='word_1_31' title='bbox 703 589 744 637; x_wconf 88' lang='lat' dir='ltr'>the</span> <span class='ocrx_word' id='word_1_32' title='bbox 764 591 944 655; x_wconf 86' lang='lat' dir='ltr'>quaestorship,</span> <span class='ocrx_word' id='word_1_33' title='bbox 962 609 978 640; x_wconf 85' lang='lat' dir='ltr'>a</span> <span class='ocrx_word' id='word_1_34' title='bbox 994 609 1078 657; x_wconf 83' lang='lat' dir='ltr'>young</span> <span class='ocrx_word' id='word_1_35' title='bbox 1094 609 1151 642; x_wconf 82' lang='lat' dir='ltr'>man</span> 
     </span>
     <span class='ocr_line' id='line_1_5' title="bbox 150 664 963 730; baseline 0.012 -18"><span class='ocrx_word' id='word_1_36' title='bbox 150 664 234 714; x_wconf 89' lang='lat' dir='ltr'><strong>whom</strong></span> <span class='ocrx_word' id='word_1_37' title='bbox 247 666 319 730; x_wconf 86' lang='lat' dir='ltr'>Pliny</span> <span class='ocrx_word' id='word_1_38' title='bbox 329 668 414 718; x_wconf 88' lang='lat' dir='ltr'>values</span> <span class='ocrx_word' id='word_1_39' title='bbox 426 670 487 718; x_wconf 90' lang='lat' dir='ltr'>both</span> <span class='ocrx_word' id='word_1_40' title='bbox 500 669 538 718; x_wconf 91' lang='lat' dir='ltr'>sor</span> <span class='ocrx_word' id='word_1_41' title='bbox 549 671 587 719; x_wconf 90' lang='lat' dir='ltr'>his</span> <span class='ocrx_word' id='word_1_42' title='bbox 599 686 654 719; x_wconf 86' lang='lat' dir='ltr'>own</span> <span class='ocrx_word' id='word_1_43' title='bbox 666 670 733 728; x_wconf 83' lang='lat' dir='ltr'>salte,</span> <span class='ocrx_word' id='word_1_44' title='bbox 745 671 793 719; x_wconf 87' lang='lat' dir='ltr'>and</span> <span class='ocrx_word' id='word_1_45' title='bbox 804 672 843 720; x_wconf 91' lang='lat' dir='ltr'>his</span> <span class='ocrx_word' id='word_1_46' title='bbox 855 671 963 722; x_wconf 86' lang='lat' dir='ltr'>father&#39;s.</span> 
     </span>
    </p>
   </div>
   <div class='ocr_carea' id='block_1_4' title="bbox 439 810 865 852">
    <p class='ocr_par' dir='ltr' id='par_1_4' title="bbox 439 810 865 852">
     <span class='ocr_line' id='line_1_6' title="bbox 439 810 865 852; baseline 0.002 -2"><span class='ocrx_word' id='word_1_47' title='bbox 439 810 463 850; x_wconf 83' lang='lat' dir='ltr'>C·</span> <span class='ocrx_word' id='word_1_48' title='bbox 478 811 589 851; x_wconf 85' lang='lat' dir='ltr'>PLINIUS</span> <span class='ocrx_word' id='word_1_49' title='bbox 610 810 747 851; x_wconf 80' lang='lat' dir='ltr'>FUNDANO</span> <span class='ocrx_word' id='word_1_50' title='bbox 768 812 822 852; x_wconf 89' lang='lat' dir='ltr'>SUO</span> <span class='ocrx_word' id='word_1_51' title='bbox 843 811 865 851; x_wconf 87' lang='lat' dir='ltr'>S.</span> 
     </span>
    </p>
   </div>
   <div class='ocr_carea' id='block_1_5' title="bbox 125 921 1152 1593">
    <p class='ocr_par' dir='ltr' id='par_1_5' title="bbox 148 921 1152 1299">
     <span class='ocr_line' id='line_1_7' title="bbox 192 921 1152 1002; baseline 0.006 -22"><span class='ocrx_word' id='word_1_52' title='bbox 192 921 351 999; x_wconf 86' lang='lat' dir='ltr'>Siquando,</span> <span class='ocrx_word' id='word_1_53' title='bbox 374 945 452 985; x_wconf 92' lang='lat' dir='ltr'>nunc</span> <span class='ocrx_word' id='word_1_54' title='bbox 473 927 628 1002; x_wconf 81' lang='lat' dir='ltr'>praecipue</span> <span class='ocrx_word' id='word_1_55' title='bbox 647 943 783 1002; x_wconf 91' lang='lat' dir='ltr'>cuperem</span> <span class='ocrx_word' id='word_1_56' title='bbox 803 944 867 985; x_wconf 92' lang='lat' dir='ltr'>esse</span> <span class='ocrx_word' id='word_1_57' title='bbox 887 935 916 984; x_wconf 95' lang='lat' dir='ltr'>te</span> <span class='ocrx_word' id='word_1_58' title='bbox 931 925 1054 994; x_wconf 88' lang='lat' dir='ltr'>Romae,</span> <span class='ocrx_word' id='word_1_59' title='bbox 1069 938 1098 986; x_wconf 90' lang='lat' dir='ltr'>et</span> <span class='ocrx_word' id='word_1_60' title='bbox 1113 929 1152 986; x_wconf 93' lang='lat' dir='ltr'>sis</span> 
     </span>
     <span class='ocr_line' id='line_1_8' title="bbox 148 1023 1152 1104; baseline 0.005 -27"><span class='ocrx_word' id='word_1_61' title='bbox 148 1039 231 1098; x_wconf 84' lang='lat' dir='ltr'>rogo.</span> <span class='ocrx_word' id='word_1_62' title='bbox 279 1023 362 1104; x_wconf 89' lang='lat' dir='ltr'>Opus</span> <span class='ocrx_word' id='word_1_63' title='bbox 377 1033 421 1083; x_wconf 93' lang='lat' dir='ltr'>est</span> <span class='ocrx_word' id='word_1_64' title='bbox 441 1024 510 1082; x_wconf 93' lang='lat' dir='ltr'>mihi</span> <span class='ocrx_word' id='word_1_65' title='bbox 525 1025 584 1082; x_wconf 89' lang='lat' dir='ltr'>voti</span> <span class='ocrx_word' id='word_1_66' title='bbox 603 1024 709 1084; x_wconf 90' lang='lat' dir='ltr'>laboris</span> <span class='ocrx_word' id='word_1_67' title='bbox 729 1024 928 1084; x_wconf 87' lang='lat' dir='ltr'>sollicitudinis</span> <span class='ocrx_word' id='word_1_68' title='bbox 944 1027 1034 1085; x_wconf 82' lang='lat' dir='ltr'>socio</span> <span class='ocrx_word' id='word_1_69' title='bbox 1077 1025 1152 1083; x_wconf 90' lang='lat' dir='ltr'>Petit</span> 
     </span>
     <span class='ocr_line' id='line_1_9' title="bbox 148 1120 1152 1201; baseline 0.003 -24"><span class='ocrx_word' id='word_1_70' title='bbox 148 1120 279 1181; x_wconf 88' lang='lat' dir='ltr'>honores</span> <span class='ocrx_word' id='word_1_71' title='bbox 300 1124 390 1182; x_wconf 91' lang='lat' dir='ltr'>Iulius</span> <span class='ocrx_word' id='word_1_72' title='bbox 412 1123 502 1194; x_wconf 86' lang='lat' dir='ltr'>Naso,</span> <span class='ocrx_word' id='word_1_73' title='bbox 523 1126 595 1201; x_wconf 90' lang='lat' dir='ltr'>petit</span> <span class='ocrx_word' id='word_1_74' title='bbox 616 1141 683 1180; x_wconf 87' lang='lat' dir='ltr'>cum</span> <span class='ocrx_word' id='word_1_75' title='bbox 705 1123 810 1196; x_wconf 91' lang='lat' dir='ltr'>multis,</span> <span class='ocrx_word' id='word_1_76' title='bbox 826 1142 893 1182; x_wconf 90' lang='lat' dir='ltr'>cum</span> <span class='ocrx_word' id='word_1_77' title='bbox 913 1125 1008 1195; x_wconf 91' lang='lat' dir='ltr'>bonis,</span> <span class='ocrx_word' id='word_1_78' title='bbox 1023 1141 1098 1200; x_wconf 92' lang='lat' dir='ltr'>quos</span> <span class='ocrx_word' id='word_1_79' title='bbox 1119 1131 1152 1180; x_wconf 91' lang='lat' dir='ltr'>ut</span> 
     </span>
     <span class='ocr_line' id='line_1_10' title="bbox 149 1219 1151 1299; baseline 0.004 -23"><span class='ocrx_word' id='word_1_80' title='bbox 149 1219 310 1294; x_wconf 87' lang='lat' dir='ltr'>gloriosum</span> <span class='ocrx_word' id='word_1_81' title='bbox 333 1223 374 1281; x_wconf 92' lang='lat' dir='ltr'>sic</span> <span class='ocrx_word' id='word_1_82' title='bbox 397 1232 441 1281; x_wconf 93' lang='lat' dir='ltr'>est</span> <span class='ocrx_word' id='word_1_83' title='bbox 462 1223 576 1281; x_wconf 91' lang='lat' dir='ltr'>difficile</span> <span class='ocrx_word' id='word_1_84' title='bbox 598 1240 743 1299; x_wconf 90' lang='lat' dir='ltr'>superare.</span> <span class='ocrx_word' id='word_1_85' title='bbox 786 1221 906 1280; x_wconf 92' lang='lat' dir='ltr'>Pendeo</span> <span class='ocrx_word' id='word_1_86' title='bbox 928 1240 998 1298; x_wconf 85' lang='lat' dir='ltr'>ergo</span> <span class='ocrx_word' id='word_1_87' title='bbox 1020 1231 1048 1279; x_wconf 92' lang='lat' dir='ltr'>et</span> <span class='ocrx_word' id='word_1_88' title='bbox 1069 1240 1151 1280; x_wconf 80' lang='lat' dir='ltr'>exer-</span> 
     </span>
    </p>

    <p class='ocr_par' dir='ltr' id='par_1_6' title="bbox 125 1320 1150 1593">
     <span class='ocr_line' id='line_1_11' title="bbox 125 1320 1149 1395; baseline 0.002 -19"><span class='ocrx_word' id='word_1_89' title='bbox 125 1329 220 1376; x_wconf 86' lang='lat' dir='ltr'>5ceor</span> <span class='ocrx_word' id='word_1_90' title='bbox 234 1337 295 1395; x_wconf 92' lang='lat' dir='ltr'>spe,</span> <span class='ocrx_word' id='word_1_91' title='bbox 311 1321 430 1379; x_wconf 91' lang='lat' dir='ltr'>adficior</span> <span class='ocrx_word' id='word_1_92' title='bbox 448 1331 528 1380; x_wconf 91' lang='lat' dir='ltr'>metu</span> <span class='ocrx_word' id='word_1_93' title='bbox 548 1330 576 1379; x_wconf 93' lang='lat' dir='ltr'>et</span> <span class='ocrx_word' id='word_1_94' title='bbox 595 1339 643 1378; x_wconf 92' lang='lat' dir='ltr'>me</span> <span class='ocrx_word' id='word_1_95' title='bbox 663 1320 846 1379; x_wconf 85' lang='lat' dir='ltr'>consularem</span> <span class='ocrx_word' id='word_1_96' title='bbox 868 1339 933 1379; x_wconf 92' lang='lat' dir='ltr'>esse</span> <span class='ocrx_word' id='word_1_97' title='bbox 955 1339 1016 1379; x_wconf 92' lang='lat' dir='ltr'>non</span> <span class='ocrx_word' id='word_1_98' title='bbox 1038 1321 1149 1379; x_wconf 89' lang='lat' dir='ltr'>sentio:</span> 
     </span>
     <span class='ocr_line' id='line_1_12' title="bbox 150 1419 1150 1500; baseline 0.003 -27"><span class='ocrx_word' id='word_1_99' title='bbox 150 1435 219 1474; x_wconf 87' lang='lat' dir='ltr'>nam</span> <span class='ocrx_word' id='word_1_100' title='bbox 234 1437 332 1478; x_wconf 88' lang='lat' dir='ltr'>rursus</span> <span class='ocrx_word' id='word_1_101' title='bbox 347 1419 417 1500; x_wconf 91' lang='lat' dir='ltr'>mihi</span> <span class='ocrx_word' id='word_1_102' title='bbox 432 1419 531 1478; x_wconf 90' lang='lat' dir='ltr'>videor</span> <span class='ocrx_word' id='word_1_103' title='bbox 550 1419 682 1477; x_wconf 91' lang='lat' dir='ltr'>omnium</span> <span class='ocrx_word' id='word_1_104' title='bbox 702 1438 777 1496; x_wconf 89' lang='lat' dir='ltr'>quae</span> <span class='ocrx_word' id='word_1_105' title='bbox 798 1419 949 1478; x_wconf 90' lang='lat' dir='ltr'>decucurri</span> <span class='ocrx_word' id='word_1_106' title='bbox 970 1419 1150 1478; x_wconf 84' lang='lat' dir='ltr'>candidatus.</span> 
     </span>
     <span class='ocr_line' id='line_1_13' title="bbox 149 1515 1150 1593; baseline 0.001 -20"><span class='ocrx_word' id='word_1_107' title='bbox 149 1515 279 1574; x_wconf 89' lang='lat' dir='ltr'>Meretur</span> <span class='ocrx_word' id='word_1_108' title='bbox 292 1517 369 1575; x_wconf 92' lang='lat' dir='ltr'>hanc</span> <span class='ocrx_word' id='word_1_109' title='bbox 384 1536 484 1576; x_wconf 92' lang='lat' dir='ltr'>curam</span> <span class='ocrx_word' id='word_1_110' title='bbox 503 1518 592 1593; x_wconf 83' lang='lat' dir='ltr'>longa</span> <span class='ocrx_word' id='word_1_111' title='bbox 611 1518 670 1576; x_wconf 91' lang='lat' dir='ltr'>mei</span> <span class='ocrx_word' id='word_1_112' title='bbox 689 1519 816 1576; x_wconf 88' lang='lat' dir='ltr'>caritate.</span> <span class='ocrx_word' id='word_1_113' title='bbox 859 1518 913 1577; x_wconf 88' lang='lat' dir='ltr'>Est</span> <span class='ocrx_word' id='word_1_114' title='bbox 932 1519 1003 1576; x_wconf 92' lang='lat' dir='ltr'>mihi</span> <span class='ocrx_word' id='word_1_115' title='bbox 1018 1536 1086 1577; x_wconf 90' lang='lat' dir='ltr'>cum</span> <span class='ocrx_word' id='word_1_116' title='bbox 1101 1518 1150 1575; x_wconf 94' lang='lat' dir='ltr'>illo</span> 
     </span>
    </p>
   </div>
   <div class='ocr_carea' id='block_1_6' title="bbox 4 1613 1151 1694">
    <p class='ocr_par' dir='ltr' id='par_1_7' title="bbox 4 1613 1151 1694">
     <span class='ocr_line' id='line_1_14' title="bbox 4 1613 1151 1694; baseline -0.006 -16"><span class='ocrx_word' id='word_1_117' title='bbox 4 1669 7 1678; x_wconf 91' lang='lat'>.</span> <span class='ocrx_word' id='word_1_118' title='bbox 80 1643 81 1646; x_wconf 39' lang='lat'>¹</span> <span class='ocrx_word' id='word_1_119' title='bbox 149 1632 212 1672; x_wconf 92' lang='lat' dir='ltr'>non</span> <span class='ocrx_word' id='word_1_120' title='bbox 240 1633 309 1673; x_wconf 88' lang='lat' dir='ltr'>sane</span> <span class='ocrx_word' id='word_1_121' title='bbox 338 1626 458 1691; x_wconf 80' lang='lat' dir='ltr'>paterna</span> <span class='ocrx_word' id='word_1_122' title='bbox 485 1617 610 1674; x_wconf 84' lang='lat' dir='ltr'>amicitia</span> <span class='ocrx_word' id='word_1_123' title='bbox 638 1613 749 1694; x_wconf 90' lang='lat' dir='ltr'>(neque</span> <span class='ocrx_word' id='word_1_124' title='bbox 779 1617 859 1674; x_wconf 91' lang='lat' dir='ltr'>enim</span> <span class='ocrx_word' id='word_1_125' title='bbox 886 1635 949 1676; x_wconf 92' lang='lat' dir='ltr'>esse</span> <span class='ocrx_word' id='word_1_126' title='bbox 977 1617 1071 1693; x_wconf 91' lang='lat' dir='ltr'>potuit</span> <span class='ocrx_word' id='word_1_127' title='bbox 1098 1633 1151 1692; x_wconf 90' lang='lat' dir='ltr'>per</span> 
     </span>
    </p>
   </div>
   <div class='ocr_carea' id='block_1_7' title="bbox 104 1712 1177 3666">
    <p class='ocr_par' dir='ltr' id='par_1_8' title="bbox 104 1712 1177 3666">
     <span class='ocr_line' id='line_1_15' title="bbox 148 1712 1149 1793; baseline 0 -24"><span class='ocrx_word' id='word_1_128' title='bbox 148 1730 245 1770; x_wconf 90' lang='lat' dir='ltr'>meam</span> <span class='ocrx_word' id='word_1_129' title='bbox 268 1712 421 1793; x_wconf 84' lang='lat' dir='ltr'>aetatem);</span> <span class='ocrx_word' id='word_1_130' title='bbox 452 1715 562 1773; x_wconf 86' lang='lat' dir='ltr'>solebat</span> <span class='ocrx_word' id='word_1_131' title='bbox 583 1725 682 1773; x_wconf 91' lang='lat' dir='ltr'>tamen</span> <span class='ocrx_word' id='word_1_132' title='bbox 701 1714 819 1772; x_wconf 87' lang='lat' dir='ltr'>vixdum</span> <span class='ocrx_word' id='word_1_133' title='bbox 842 1715 1059 1772; x_wconf 89' lang='lat' dir='ltr'>adulescentulo</span> <span class='ocrx_word' id='word_1_134' title='bbox 1079 1713 1149 1770; x_wconf 91' lang='lat' dir='ltr'>mihi</span> 
     </span>
     <span class='ocr_line' id='line_1_16' title="bbox 108 1811 1147 1888; baseline 0 -20"><span class='ocrx_word' id='word_1_135' title='bbox 108 1821 140 1854; x_wconf 89' lang='lat'>10</span> <span class='ocrx_word' id='word_1_136' title='bbox 150 1819 231 1886; x_wconf 90' lang='lat' dir='ltr'>pater</span> <span class='ocrx_word' id='word_1_137' title='bbox 245 1812 306 1869; x_wconf 91' lang='lat' dir='ltr'>eius</span> <span class='ocrx_word' id='word_1_138' title='bbox 321 1830 388 1870; x_wconf 91' lang='lat' dir='ltr'>cum</span> <span class='ocrx_word' id='word_1_139' title='bbox 403 1831 509 1888; x_wconf 84' lang='lat' dir='ltr'>magna</span> <span class='ocrx_word' id='word_1_140' title='bbox 523 1811 609 1872; x_wconf 87' lang='lat' dir='ltr'>laude</span> <span class='ocrx_word' id='word_1_141' title='bbox 623 1813 786 1870; x_wconf 86' lang='lat' dir='ltr'>monstrari.</span> <span class='ocrx_word' id='word_1_142' title='bbox 828 1812 899 1870; x_wconf 88' lang='lat' dir='ltr'>Erat</span> <span class='ocrx_word' id='word_1_143' title='bbox 912 1831 974 1870; x_wconf 91' lang='lat' dir='ltr'>non</span> <span class='ocrx_word' id='word_1_144' title='bbox 986 1811 1147 1870; x_wconf 89' lang='lat' dir='ltr'>studiorum</span> 
     </span>
     <span class='ocr_line' id='line_1_17' title="bbox 149 1911 1148 1987; baseline 0.003 -21"><span class='ocrx_word' id='word_1_145' title='bbox 149 1918 262 1967; x_wconf 88' lang='lat' dir='ltr'>tantum</span> <span class='ocrx_word' id='word_1_146' title='bbox 286 1928 386 1967; x_wconf 88' lang='lat' dir='ltr'>verum</span> <span class='ocrx_word' id='word_1_147' title='bbox 416 1911 503 1968; x_wconf 84' lang='lat' dir='ltr'>etiam</span> <span class='ocrx_word' id='word_1_148' title='bbox 531 1911 728 1969; x_wconf 89' lang='lat' dir='ltr'>studiosorum</span> <span class='ocrx_word' id='word_1_149' title='bbox 753 1911 970 1970; x_wconf 85' lang='lat' dir='ltr'>amantissimus</span> <span class='ocrx_word' id='word_1_150' title='bbox 994 1929 1029 1968; x_wconf 84' lang='lat' dir='ltr'>ac</span> <span class='ocrx_word' id='word_1_151' title='bbox 1053 1928 1148 1987; x_wconf 88' lang='lat' dir='ltr'>prope</span> 
     </span>
     <span class='ocr_line' id='line_1_18' title="bbox 150 2007 1149 2086; baseline 0.002 -22"><span class='ocrx_word' id='word_1_152' title='bbox 150 2007 255 2066; x_wconf 88' lang='lat' dir='ltr'>cotidie</span> <span class='ocrx_word' id='word_1_153' title='bbox 277 2008 315 2065; x_wconf 88' lang='lat' dir='ltr'>ad</span> <span class='ocrx_word' id='word_1_154' title='bbox 338 2009 508 2074; x_wconf 89' lang='lat' dir='ltr'>audiendos,</span> <span class='ocrx_word' id='word_1_155' title='bbox 531 2028 605 2086; x_wconf 90' lang='lat' dir='ltr'>quos</span> <span class='ocrx_word' id='word_1_156' title='bbox 628 2019 698 2068; x_wconf 90' lang='lat' dir='ltr'>tunc</span> <span class='ocrx_word' id='word_1_157' title='bbox 724 2026 781 2085; x_wconf 88' lang='lat' dir='ltr'>ego</span> <span class='ocrx_word' id='word_1_158' title='bbox 805 2009 1035 2085; x_wconf 86' lang='lat' dir='ltr'>frequentabam,</span> <span class='ocrx_word' id='word_1_159' title='bbox 1056 2008 1149 2080; x_wconf 91' lang='lat' dir='ltr'>Quin-</span> 
     </span>
     <span class='ocr_line' id='line_1_19' title="bbox 149 2105 1150 2184; baseline 0.002 -22"><span class='ocrx_word' id='word_1_160' title='bbox 149 2105 289 2176; x_wconf 87' lang='lat' dir='ltr'>tilianum,</span> <span class='ocrx_word' id='word_1_161' title='bbox 304 2107 428 2165; x_wconf 88' lang='lat' dir='ltr'>Niceten</span> <span class='ocrx_word' id='word_1_162' title='bbox 444 2107 632 2167; x_wconf 90' lang='lat' dir='ltr'>Sacerdotem</span> <span class='ocrx_word' id='word_1_163' title='bbox 647 2108 813 2178; x_wconf 88' lang='lat' dir='ltr'>ventitabat,</span> <span class='ocrx_word' id='word_1_164' title='bbox 825 2109 866 2165; x_wconf 91' lang='lat' dir='ltr'>vir</span> <span class='ocrx_word' id='word_1_165' title='bbox 881 2109 988 2184; x_wconf 89' lang='lat' dir='ltr'>alioqui</span> <span class='ocrx_word' id='word_1_166' title='bbox 1009 2108 1101 2166; x_wconf 86' lang='lat' dir='ltr'>clarus</span> <span class='ocrx_word' id='word_1_167' title='bbox 1121 2118 1150 2165; x_wconf 88' lang='lat' dir='ltr'>et</span> 
     </span>
     <span class='ocr_line' id='line_1_20' title="bbox 149 2204 1149 2282; baseline 0.002 -22"><span class='ocrx_word' id='word_1_168' title='bbox 149 2204 243 2279; x_wconf 86' lang='lat' dir='ltr'>gravis</span> <span class='ocrx_word' id='word_1_169' title='bbox 258 2205 349 2282; x_wconf 91' lang='lat' dir='ltr'>etqui</span> <span class='ocrx_word' id='word_1_170' title='bbox 369 2206 508 2281; x_wconf 88' lang='lat' dir='ltr'>prodesse</span> <span class='ocrx_word' id='word_1_171' title='bbox 528 2205 586 2264; x_wconf 90' lang='lat' dir='ltr'>filio</span> <span class='ocrx_word' id='word_1_172' title='bbox 606 2206 747 2263; x_wconf 87' lang='lat' dir='ltr'>memoria</span> <span class='ocrx_word' id='word_1_173' title='bbox 769 2206 813 2262; x_wconf 90' lang='lat' dir='ltr'>sni</span> <span class='ocrx_word' id='word_1_174' title='bbox 833 2206 946 2264; x_wconf 86' lang='lat' dir='ltr'>debeat.</span> <span class='ocrx_word' id='word_1_175' title='bbox 989 2204 1046 2264; x_wconf 88' lang='lat' dir='ltr'>Sed</span> <span class='ocrx_word' id='word_1_176' title='bbox 1067 2205 1149 2266; x_wconf 90' lang='lat' dir='ltr'>multi</span> 
     </span>
     <span class='ocr_line' id='line_1_21' title="bbox 109 2303 1148 2381; baseline 0.004 -23"><span class='ocrx_word' id='word_1_177' title='bbox 109 2311 227 2362; x_wconf 88' lang='lat' dir='ltr'>15nunc</span> <span class='ocrx_word' id='word_1_178' title='bbox 249 2305 280 2362; x_wconf 93' lang='lat' dir='ltr'>in</span> <span class='ocrx_word' id='word_1_179' title='bbox 300 2315 402 2363; x_wconf 91' lang='lat' dir='ltr'>senatu</span> <span class='ocrx_word' id='word_1_180' title='bbox 423 2305 527 2381; x_wconf 92' lang='lat' dir='ltr'>quibus</span> <span class='ocrx_word' id='word_1_181' title='bbox 549 2303 665 2380; x_wconf 89' lang='lat' dir='ltr'>ignotus</span> <span class='ocrx_word' id='word_1_182' title='bbox 687 2304 743 2374; x_wconf 90' lang='lat' dir='ltr'>ille,</span> <span class='ocrx_word' id='word_1_183' title='bbox 757 2304 838 2361; x_wconf 91' lang='lat' dir='ltr'>multi</span> <span class='ocrx_word' id='word_1_184' title='bbox 859 2305 964 2381; x_wconf 93' lang='lat' dir='ltr'>quibus</span> <span class='ocrx_word' id='word_1_185' title='bbox 985 2314 1081 2376; x_wconf 92' lang='lat' dir='ltr'>notus,</span> <span class='ocrx_word' id='word_1_186' title='bbox 1095 2303 1148 2362; x_wconf 90' lang='lat' dir='ltr'>sed</span> 
     </span>
     <span class='ocr_line' id='line_1_22' title="bbox 149 2400 1148 2478; baseline 0.001 -20"><span class='ocrx_word' id='word_1_187' title='bbox 149 2419 210 2459; x_wconf 91' lang='lat' dir='ltr'>non</span> <span class='ocrx_word' id='word_1_188' title='bbox 224 2400 279 2460; x_wconf 90' lang='lat' dir='ltr'>nis&#39;i</span> <span class='ocrx_word' id='word_1_189' title='bbox 293 2403 420 2462; x_wconf 88' lang='lat' dir='ltr'>viventes</span> <span class='ocrx_word' id='word_1_190' title='bbox 439 2412 611 2461; x_wconf 88' lang='lat' dir='ltr'>reverentur.</span> <span class='ocrx_word' id='word_1_191' title='bbox 654 2402 724 2474; x_wconf 90' lang='lat' dir='ltr'>Quo</span> <span class='ocrx_word' id='word_1_192' title='bbox 738 2403 831 2478; x_wconf 86' lang='lat' dir='ltr'>magis</span> <span class='ocrx_word' id='word_1_193' title='bbox 851 2402 919 2461; x_wconf 89' lang='lat' dir='ltr'>huic</span> <span class='ocrx_word' id='word_1_194' title='bbox 933 2404 1042 2460; x_wconf 84' lang='lat' dir='ltr'>omissa</span> <span class='ocrx_word' id='word_1_195' title='bbox 1057 2402 1148 2478; x_wconf 85' lang='lat' dir='ltr'>gloria</span> 
     </span>
     <span class='ocr_line' id='line_1_23' title="bbox 147 2501 1147 2578; baseline 0 -20"><span class='ocrx_word' id='word_1_196' title='bbox 147 2501 245 2577; x_wconf 88' lang='lat' dir='ltr'>patris,</span> <span class='ocrx_word' id='word_1_197' title='bbox 273 2503 304 2559; x_wconf 94' lang='lat' dir='ltr'>in</span> <span class='ocrx_word' id='word_1_198' title='bbox 332 2521 390 2578; x_wconf 89' lang='lat' dir='ltr'>qua</span> <span class='ocrx_word' id='word_1_199' title='bbox 414 2520 553 2578; x_wconf 88' lang='lat' dir='ltr'>magnum</span> <span class='ocrx_word' id='word_1_200' title='bbox 582 2511 794 2573; x_wconf 88' lang='lat' dir='ltr'>ornamentum,</span> <span class='ocrx_word' id='word_1_201' title='bbox 823 2503 916 2578; x_wconf 77' lang='lat' dir='ltr'>gratia</span> <span class='ocrx_word' id='word_1_202' title='bbox 942 2501 1065 2573; x_wconf 80' lang='lat' dir='ltr'>infirma,</span> <span class='ocrx_word' id='word_1_203' title='bbox 1092 2501 1147 2578; x_wconf 94' lang='lat' dir='ltr'>ipsi</span> 
     </span>
     <span class='ocr_line' id='line_1_24' title="bbox 147 2599 1147 2678; baseline 0.003 -23"><span class='ocrx_word' id='word_1_204' title='bbox 147 2599 325 2671; x_wconf 87' lang='lat' dir='ltr'>enitendum,</span> <span class='ocrx_word' id='word_1_205' title='bbox 350 2601 406 2677; x_wconf 92' lang='lat' dir='ltr'>ipsi</span> <span class='ocrx_word' id='word_1_206' title='bbox 430 2599 638 2659; x_wconf 88' lang='lat' dir='ltr'>elaborandum</span> <span class='ocrx_word' id='word_1_207' title='bbox 663 2610 715 2659; x_wconf 90' lang='lat' dir='ltr'>est.</span> <span class='ocrx_word' id='word_1_208' title='bbox 769 2599 859 2671; x_wconf 90' lang='lat' dir='ltr'>Quod</span> <span class='ocrx_word' id='word_1_209' title='bbox 881 2599 999 2676; x_wconf 91' lang='lat' dir='ltr'>quidem</span> <span class='ocrx_word' id='word_1_210' title='bbox 1024 2618 1147 2678; x_wconf 89' lang='lat' dir='ltr'>semper,</span> 
     </span>
     <span class='ocr_line' id='line_1_25' title="bbox 148 2693 1146 2776; baseline 0 -20"><span class='ocrx_word' id='word_1_211' title='bbox 148 2699 231 2773; x_wconf 88' lang='lat' dir='ltr'>quasi</span> <span class='ocrx_word' id='word_1_212' title='bbox 253 2700 416 2775; x_wconf 86' lang='lat' dir='ltr'>provideret</span> <span class='ocrx_word' id='word_1_213' title='bbox 437 2699 495 2758; x_wconf 92' lang='lat' dir='ltr'>hoc</span> <span class='ocrx_word' id='word_1_214' title='bbox 517 2693 757 2776; x_wconf 71' lang='lat' dir='ltr'>tempussedulo</span> <span class='ocrx_word' id='word_1_215' title='bbox 778 2700 861 2757; x_wconf 86' lang='lat' dir='ltr'>fecit:</span> <span class='ocrx_word' id='word_1_216' title='bbox 894 2699 1004 2775; x_wconf 87' lang='lat' dir='ltr'>paravit</span> <span class='ocrx_word' id='word_1_217' title='bbox 1026 2699 1146 2770; x_wconf 86' lang='lat' dir='ltr'>amicos,</span> 
     </span>
     <span class='ocr_line' id='line_1_26' title="bbox 106 2798 1146 2875; baseline 0 -20"><span class='ocrx_word' id='word_1_218' title='bbox 106 2813 139 2846; x_wconf 88' lang='lat'>20</span> <span class='ocrx_word' id='word_1_219' title='bbox 148 2815 222 2874; x_wconf 92' lang='lat' dir='ltr'>quos</span> <span class='ocrx_word' id='word_1_220' title='bbox 249 2810 399 2875; x_wconf 80' lang='lat' dir='ltr'>paraverat</span> <span class='ocrx_word' id='word_1_221' title='bbox 422 2798 517 2868; x_wconf 90' lang='lat' dir='ltr'>coluit,</span> <span class='ocrx_word' id='word_1_222' title='bbox 541 2816 588 2856; x_wconf 91' lang='lat' dir='ltr'>me</span> <span class='ocrx_word' id='word_1_223' title='bbox 615 2807 700 2869; x_wconf 90' lang='lat' dir='ltr'>certe,</span> <span class='ocrx_word' id='word_1_224' title='bbox 725 2810 757 2857; x_wconf 90' lang='lat' dir='ltr'>ut</span> <span class='ocrx_word' id='word_1_225' title='bbox 784 2798 910 2875; x_wconf 89' lang='lat' dir='ltr'>primum</span> <span class='ocrx_word' id='word_1_226' title='bbox 939 2800 993 2857; x_wconf 91' lang='lat' dir='ltr'>sibi</span> <span class='ocrx_word' id='word_1_227' title='bbox 1021 2799 1146 2857; x_wconf 90' lang='lat' dir='ltr'>iudicare</span> 
     </span>
     <span class='ocr_line' id='line_1_27' title="bbox 145 2896 1145 2974; baseline 0 -20"><span class='ocrx_word' id='word_1_228' title='bbox 145 2899 282 2974; x_wconf 89' lang='lat' dir='ltr'>permisit,</span> <span class='ocrx_word' id='word_1_229' title='bbox 304 2897 341 2957; x_wconf 90' lang='lat' dir='ltr'>ad</span> <span class='ocrx_word' id='word_1_230' title='bbox 358 2916 489 2956; x_wconf 82' lang='lat' dir='ltr'>amorem</span> <span class='ocrx_word' id='word_1_231' title='bbox 508 2898 759 2973; x_wconf 87' lang='lat' dir='ltr'>imitationemque</span> <span class='ocrx_word' id='word_1_232' title='bbox 781 2897 896 2974; x_wconf 89' lang='lat' dir='ltr'>delegit.</span> <span class='ocrx_word' id='word_1_233' title='bbox 938 2899 1054 2957; x_wconf 91' lang='lat' dir='ltr'>Dicenti</span> <span class='ocrx_word' id='word_1_234' title='bbox 1075 2896 1145 2955; x_wconf 92' lang='lat' dir='ltr'>mihi</span> 
     </span>
     <span class='ocr_line' id='line_1_28' title="bbox 110 2996 1145 3075; baseline -0.001 -21"><span class='ocrx_word' id='word_1_235' title='bbox 110 3067 115 3075; x_wconf 33' lang='grc' dir='ltr'>Ι</span> <span class='ocrx_word' id='word_1_236' title='bbox 147 2997 285 3056; x_wconf 88' lang='lat' dir='ltr'>sollicitus</span> <span class='ocrx_word' id='word_1_237' title='bbox 313 2997 432 3065; x_wconf 90' lang='lat' dir='ltr'>adsistit,</span> <span class='ocrx_word' id='word_1_238' title='bbox 459 2996 571 3054; x_wconf 88' lang='lat' dir='ltr'>adsidet</span> <span class='ocrx_word' id='word_1_239' title='bbox 598 2997 747 3055; x_wconf 88' lang='lat' dir='ltr'>recitanti:</span> <span class='ocrx_word' id='word_1_240' title='bbox 783 2998 883 3073; x_wconf 92' lang='lat' dir='ltr'>primis</span> <span class='ocrx_word' id='word_1_241' title='bbox 909 2999 995 3056; x_wconf 86' lang='lat' dir='ltr'>etiam</span> <span class='ocrx_word' id='word_1_242' title='bbox 1021 3006 1050 3061; x_wconf 92' lang='lat' dir='ltr'>et</span> <span class='ocrx_word' id='word_1_243' title='bbox 1078 3014 1145 3054; x_wconf 92' lang='lat' dir='ltr'>cum</span> 
     </span>
     <span class='ocr_line' id='line_1_29' title="bbox 145 3094 1143 3170; baseline -0.002 -18"><span class='ocrx_word' id='word_1_244' title='bbox 145 3096 271 3153; x_wconf 69' lang='lat' dir='ltr'>manime</span> <span class='ocrx_word' id='word_1_245' title='bbox 299 3094 484 3153; x_wconf 84' lang='lat' dir='ltr'>nascentibus</span> <span class='ocrx_word' id='word_1_246' title='bbox 513 3095 660 3170; x_wconf 90' lang='lat' dir='ltr'>opusculis</span> <span class='ocrx_word' id='word_1_247' title='bbox 688 3095 762 3152; x_wconf 91' lang='lat' dir='ltr'>meis</span> <span class='ocrx_word' id='word_1_248' title='bbox 792 3095 919 3167; x_wconf 91' lang='lat' dir='ltr'>interest,</span> <span class='ocrx_word' id='word_1_249' title='bbox 948 3114 1027 3153; x_wconf 90' lang='lat' dir='ltr'>nunc</span> <span class='ocrx_word' id='word_1_250' title='bbox 1055 3094 1143 3163; x_wconf 89' lang='lat' dir='ltr'>solus,</span> 
     </span>
     <span class='ocr_line' id='line_1_30' title="bbox 145 3193 1177 3276; baseline 0 -24"><span class='ocrx_word' id='word_1_251' title='bbox 145 3203 212 3253; x_wconf 84' lang='lat' dir='ltr'>ante</span> <span class='ocrx_word' id='word_1_252' title='bbox 236 3213 304 3253; x_wconf 92' lang='lat' dir='ltr'>cum</span> <span class='ocrx_word' id='word_1_253' title='bbox 328 3194 422 3265; x_wconf 86' lang='lat' dir='ltr'>fratre,</span> <span class='ocrx_word' id='word_1_254' title='bbox 446 3193 527 3251; x_wconf 88' lang='lat' dir='ltr'>cuius</span> <span class='ocrx_word' id='word_1_255' title='bbox 552 3202 646 3269; x_wconf 82' lang='lat' dir='ltr'>nuper¹</span> <span class='ocrx_word' id='word_1_256' title='bbox 670 3195 766 3253; x_wconf 88' lang='lat' dir='ltr'>amissi</span> <span class='ocrx_word' id='word_1_257' title='bbox 790 3213 846 3271; x_wconf 87' lang='lat' dir='ltr'>ego</span> <span class='ocrx_word' id='word_1_258' title='bbox 871 3196 1015 3271; x_wconf 89' lang='lat' dir='ltr'>suscipere</span> <span class='ocrx_word' id='word_1_259' title='bbox 1038 3202 1143 3269; x_wconf 89' lang='lat' dir='ltr'>partes,</span> <span class='ocrx_word' id='word_1_260' title='bbox 1174 3267 1177 3276; x_wconf 41' lang='lat'>,</span> 
     </span>
     <span class='ocr_line' id='line_1_31' title="bbox 104 3291 1144 3370; baseline -0.002 -19"><span class='ocrx_word' id='word_1_261' title='bbox 104 3308 135 3357; x_wconf 84' lang='lat'>25</span> <span class='ocrx_word' id='word_1_262' title='bbox 146 3312 203 3370; x_wconf 87' lang='lat' dir='ltr'>ego</span> <span class='ocrx_word' id='word_1_263' title='bbox 225 3295 318 3352; x_wconf 91' lang='lat' dir='ltr'>vicem</span> <span class='ocrx_word' id='word_1_264' title='bbox 341 3293 436 3351; x_wconf 90' lang='lat' dir='ltr'>debeo</span> <span class='ocrx_word' id='word_1_265' title='bbox 460 3291 579 3368; x_wconf 90' lang='lat' dir='ltr'>inplere.</span> <span class='ocrx_word' id='word_1_266' title='bbox 621 3291 718 3350; x_wconf 92' lang='lat' dir='ltr'>Doleo</span> <span class='ocrx_word' id='word_1_267' title='bbox 742 3293 870 3351; x_wconf 92' lang='lat' dir='ltr'>enimet</span> <span class='ocrx_word' id='word_1_268' title='bbox 898 3293 977 3350; x_wconf 91' lang='lat' dir='ltr'>illum</span> <span class='ocrx_word' id='word_1_269' title='bbox 1001 3293 1144 3349; x_wconf 84' lang='lat' dir='ltr'>inmatura</span> 
     </span>
     <span class='ocr_line' id='line_1_32' title="bbox 144 3389 1142 3468; baseline -0.001 -19"><span class='ocrx_word' id='word_1_270' title='bbox 144 3403 238 3451; x_wconf 89' lang='lat' dir='ltr'>morte</span> <span class='ocrx_word' id='word_1_271' title='bbox 252 3393 453 3468; x_wconf 85' lang='lat' dir='ltr'>indignissime</span> <span class='ocrx_word' id='word_1_272' title='bbox 467 3399 581 3467; x_wconf 87' lang='lat' dir='ltr'>raptum</span> <span class='ocrx_word' id='word_1_273' title='bbox 600 3399 628 3447; x_wconf 93' lang='lat' dir='ltr'>et</span> <span class='ocrx_word' id='word_1_274' title='bbox 647 3389 725 3448; x_wconf 91' lang='lat' dir='ltr'>hunc</span> <span class='ocrx_word' id='word_1_275' title='bbox 742 3393 844 3466; x_wconf 91' lang='lat' dir='ltr'>optimi</span> <span class='ocrx_word' id='word_1_276' title='bbox 864 3391 956 3448; x_wconf 86' lang='lat' dir='ltr'>fratris</span> <span class='ocrx_word' id='word_1_277' title='bbox 974 3390 1142 3448; x_wconf 83' lang='lat' dir='ltr'>adiumento</span> 
     </span>
     <span class='ocr_line' id='line_1_33' title="bbox 143 3488 1139 3566; baseline -0.002 -18"><span class='ocrx_word' id='word_1_278' title='bbox 143 3491 310 3550; x_wconf 90' lang='lat' dir='ltr'>destitutum</span> <span class='ocrx_word' id='word_1_279' title='bbox 325 3491 451 3566; x_wconf 91' lang='lat' dir='ltr'>solisque</span> <span class='ocrx_word' id='word_1_280' title='bbox 465 3490 566 3549; x_wconf 84' lang='lat' dir='ltr'>amicis</span> <span class='ocrx_word' id='word_1_281' title='bbox 580 3488 719 3548; x_wconf 86' lang='lat' dir='ltr'>relietum.</span> <span class='ocrx_word' id='word_1_282' title='bbox 762 3489 875 3561; x_wconf 91' lang='lat' dir='ltr'>Quibus</span> <span class='ocrx_word' id='word_1_283' title='bbox 890 3508 927 3546; x_wconf 89' lang='lat' dir='ltr'>ex</span> <span class='ocrx_word' id='word_1_284' title='bbox 942 3489 1036 3548; x_wconf 88' lang='lat' dir='ltr'>causis</span> <span class='ocrx_word' id='word_1_285' title='bbox 1052 3490 1139 3565; x_wconf 87' lang='lat' dir='ltr'>exigo</span> 
     </span>
     <span class='ocr_line' id='line_1_34' title="bbox 141 3588 1138 3666; baseline -0.002 -18"><span class='ocrx_word' id='word_1_286' title='bbox 141 3601 174 3648; x_wconf 92' lang='lat' dir='ltr'>ut</span> <span class='ocrx_word' id='word_1_287' title='bbox 188 3591 285 3649; x_wconf 84' lang='lat' dir='ltr'>venias</span> <span class='ocrx_word' id='word_1_288' title='bbox 301 3599 329 3648; x_wconf 92' lang='lat' dir='ltr'>et</span> <span class='ocrx_word' id='word_1_289' title='bbox 344 3591 482 3666; x_wconf 86' lang='lat' dir='ltr'>suffragio</span> <span class='ocrx_word' id='word_1_290' title='bbox 496 3607 563 3648; x_wconf 93' lang='lat' dir='ltr'>meo</span> <span class='ocrx_word' id='word_1_291' title='bbox 578 3599 660 3646; x_wconf 89' lang='lat' dir='ltr'>tuum</span> <span class='ocrx_word' id='word_1_292' title='bbox 671 3590 782 3664; x_wconf 87' lang='lat' dir='ltr'>iungas.</span> <span class='ocrx_word' id='word_1_293' title='bbox 828 3588 1005 3647; x_wconf 90' lang='lat' dir='ltr'>Permultum</span> <span class='ocrx_word' id='word_1_294' title='bbox 1020 3589 1138 3648; x_wconf 90' lang='lat' dir='ltr'>interest</span> 
     </span>
    </p>
   </div>
   <div class='ocr_carea' id='block_1_8' title="bbox 0 0 1328 3914">
    <p class='ocr_par' dir='ltr' id='par_1_9' title="bbox 0 0 1328 3914">
     <span class='ocr_line' id='line_1_35' title="bbox 0 0 1328 3914; baseline 0 3"><span class='ocrx_word' id='word_1_295' title='bbox 0 0 1328 3914; x_wconf 95' lang='lat' dir='ltr'> </span> 
     </span>
    </p>
   </div>
  </div>
 </body>
</html>
