2646 3914
177 162 217 216 20
449 161 471 210 A
496 159 693 215 SELEOTION
712 165 817 216 rRoM
839 165 908 214 THE

173 325 312 403 perleve
341 333 369 384 et
396 327 538 386 lubricum
565 329 763 404 pavimentum
786 328 902 387 fallente
925 325 1045 402 vestigio
1074 322 1175 383 cecidit

175 441 339 502 coxamque
353 423 445 500 fregit,
459 444 533 501 quae
550 445 653 502 parum
667 438 733 505 apte
753 429 895 488 collocata
908 426 1066 484 reluctante
1081 432 1175 481 aetate

175 526 251 584 male
281 525 356 583 coiit.
412 523 509 582 Huius
541 525 592 583 viri
627 528 766 604 exequiae
801 544 943 601 magnum
969 531 1175 581 ornamentum
1189 533 1217 574 πο

173 625 306 702 principi,
330 641 471 698 magnum
500 625 624 698 saeculo,
651 645 791 704 magnum
817 626 902 685 etiam
926 623 991 682 foro
1020 631 1049 679 et
1076 621 1175 679 rostris

174 724 337 783 attulerunt.
380 720 529 782 Laudatus
550 734 594 781 est
617 744 634 782 a
657 726 776 784 consule
799 722 935 784 Cornelio
957 721 1079 780 Tacito:
1105 735 1175 776 nam

174 822 222 881 hic
260 839 412 899 supremus
447 819 573 879 felicitati
610 824 671 882 eius
707 824 839 884 cumulus
880 820 1008 888 accessit,
1044 817 1175 875 laudator

173 919 437 998 eloquentissime.
480 919 519 979 Et
538 922 584 980 ille
606 924 724 999 quidem
745 924 848 1000 plenus
869 920 953 980 annis
974 918 1049 988 abiit,
1070 916 1174 992 plenus

174 1020 343 1090 honoribus,
367 1019 420 1077 illis
449 1019 536 1078 etiam
563 1033 637 1097 quos
665 1022 824 1081 recusavit:
855 1019 941 1078 nobis
964 1026 1062 1075 tamen
1086 1031 1173 1090 quae·
1188 1029 1216 1080 25
1309 1069 1310 1080 ,

174 1119 281 1177 rendus
303 1132 337 1176 ac
360 1117 567 1178 desiderandus
592 1130 635 1179 est
660 1131 692 1179 ut
716 1120 865 1196 exemplar
887 1117 947 1177 aevi
969 1115 1081 1193 prioris,
1103 1113 1173 1170 mihi

173 1235 242 1276 vero
272 1216 436 1293 praecipue,
471 1217 520 1293 qui
551 1218 631 1278 illum
663 1238 724 1278 non
759 1220 854 1278 solum
883 1216 999 1293 publice
1031 1221 1173 1289 quantum

173 1315 337 1374 admirabar
357 1324 468 1373 tantum
490 1316 661 1393 diligebam;
690 1318 815 1394 primum
836 1314 917 1392 quod
937 1314 1049 1388 utrique
1070 1310 1174 1368 eadem

169 1415 264 1488 regiO,
285 1413 443 1489 municipia
467 1413 594 1488 finitima,
616 1418 677 1494 agri
702 1417 790 1475 etiam
815 1413 1074 1490 possessionesque
1103 1425 1173 1467 con·

173 1513 297 1583 iunctae,
326 1522 475 1589 praeterea
504 1515 585 1590 quod
610 1515 657 1574 ille
685 1515 756 1573 mihi
780 1522 858 1573 tutor
885 1511 1000 1570 relictus
1028 1507 1173 1566 adfectum
1188 1521 1219 1570 30

173 1613 300 1688 parentis
329 1610 466 1669 exhibuit.
519 1612 566 1672 Sic
595 1616 781 1674 candidatum
809 1631 857 1670 me
885 1608 1023 1683 suffragio
1052 1605 1172 1676 ornavit,

173 1711 215 1770 sic
236 1712 276 1770 ad
296 1729 400 1770 omnes
421 1711 653 1792 honoresmeos
675 1733 711 1772 ex
733 1711 894 1771 secessibus
916 1704 1082 1774 accucurrit,
1105 1721 1172 1761 cum

172 1810 230 1867 iarn
251 1810 364 1885 pridem
386 1806 546 1871 eiusmodi
568 1811 668 1871 officiis
689 1805 889 1878 renuntiasset,
905 1803 946 1865 sic
967 1798 1015 1862 illo
1037 1803 1092 1873 die,
1113 1818 1172 1878 quo

173 1910 338 1968 sacerdotes
373 1909 466 1968 solent
495 1912 646 1970 nominare
678 1925 752 1988 quos
788 1907 974 1985 dignissimos
1009 1903 1172 1962 sacerdotio

172 2003 306 2078 iudicant,
321 2021 369 2066 me
386 2021 501 2084 semper
514 2010 694 2069 nominabat.
738 2007 818 2081 Quin
839 2007 925 2065 etlam
946 2005 977 2062 in
999 1999 1053 2060 hac
1074 2001 1171 2060 novis·
1187 2013 1217 2063 35
1310 2051 1311 2074 ,

172 2106 246 2164 sima
260 2105 421 2165 valetudine
435 2108 542 2167 veritus
560 2120 598 2166 ne
616 2104 690 2166 forte
708 2107 783 2165 inter
796 2102 1001 2181 quinqueviros
1016 2109 1170 2169 crearetur,

171 2205 221 2281 qui
247 2204 413 2263 minuendis
440 2204 562 2281 publicis
591 2206 754 2282 sumptibus
782 2203 890 2262 iudicio
918 2208 1035 2259 senatus
1060 2197 1170 2256 consti·

170 2305 332 2373 tuebantur,
358 2321 425 2360 cum
452 2304 491 2361 illi
518 2313 561 2362 tot
589 2305 675 2363 amici
705 2321 790 2363 senes
819 2300 1043 2373 consularesque
1071 2313 1171 2370 super-

171 2410 276 2472 essent,
301 2418 349 2457 me
371 2401 455 2460 huius
479 2402 580 2460 aetatis
602 2419 764 2478 perquem
793 2407 979 2458 excusaretur
1006 2395 1101 2469 elegit,
1126 2393 1197 2452 his,

172 2498 291 2573 quidem
315 2499 419 2569 verbis,
444 2501 549 2558 ‘etiam
577 2501 601 2558 si
624 2501 713 2558 filium
736 2500 882 2568 haberem,
909 2497 959 2554 tibi
983 2490 1172 2552 mandarem!
1185 2505 1220 2555 40

172 2595 286 2666 Quibus
306 2615 342 2654 ex
359 2597 452 2656 causis
474 2616 594 2656 necesse
615 2609 659 2657 est
679 2609 827 2674 tamquam
848 2597 1022 2654 inmaturam
1045 2600 1171 2650 mortem

171 2693 232 2752 eius
257 2695 287 2751 in
310 2695 374 2753 sinu
395 2704 445 2753 tuo
475 2695 618 2769 defleam;
648 2698 672 2755 si
696 2706 794 2755 tamen
819 2695 862 2754 las
887 2704 931 2753 est
959 2701 1008 2752 aut
1030 2691 1098 2748 flere
1123 2699 1173 2748 aut

171 2793 293 2850 omnino
323 2803 448 2852 mortem
477 2813 589 2867 vocare,
622 2814 680 2872 qua
710 2796 781 2854 tanti
810 2794 861 2851 viri
889 2791 1048 2851 mortalitas
1077 2789 1172 2866 magis

169 2890 251 2949 finita
265 2905 352 2968 quam
365 2892 423 2950 vita
437 2902 490 2951 est.
520 2893 597 2952 Vivit
612 2895 691 2953 enim
705 2895 837 2970 vivetque
852 2909 968 2967 semper
982 2899 1069 2965 atque
1084 2889 1172 2946 etiam
1209 2935 1211 2938 .

169 2987 253 3049 latius
271 2991 301 3047 in
320 2991 462 3050 memoria
474 2991 626 3051 hominum
641 3003 669 3051 et
684 3009 818 3052 sermone
832 2991 999 3058 versabitur,
1015 2997 1172 3064 postquam
1185 2998 1220 3048 45

168 3089 207 3147 ab
226 3088 317 3147 oculis
336 3091 459 3148 recessit.
503 3090 591 3149 Volui
612 3091 664 3149 tibi
684 3091 775 3149 multa
794 3092 848 3148 alia
870 3089 1004 3157 scribere,
1019 3087 1072 3145 sed
1092 3096 1171 3145 totus
1225 3086 1228 3092 '

169 3189 282 3246 animus
302 3188 333 3245 in
353 3188 408 3247 hac
428 3207 488 3246 una
509 3189 756 3266 contemplatione
778 3188 890 3248 defixus
913 3196 975 3245 est:
997 3184 1172 3260 Verginium

170 3287 276 3362 cogito,
297 3282 469 3364 Verginium
489 3283 583 3357 video,
606 3287 777 3364 Verginium
800 3287 859 3347 iam
880 3285 961 3343 vanis
988 3282 1172 3358 imaginibus,

168 3386 332 3444 recentibus
346 3394 451 3455 tamen,
466 3384 563 3455 audio,
578 3386 727 3462 adloquor,
742 3395 838 3444 teneo.
882 3383 936 3442 Cui
952 3382 1074 3439 fortasse
1094 3382 1172 3439 cives

170 3480 283 3556 aliquos
306 3484 455 3542 virtutibus
483 3500 567 3561 pares
594 3493 623 3542 et
651 3482 793 3543 habemus
821 3492 849 3542 et
876 3480 1057 3550 habebimus,
1079 3479 1173 3555 gloria
1188 3487 1224 3538 50

167 3580 326 3641 neminem.
369 3582 450 3643 Vale.
