2646 3914
194 133 355 183 LETTERS
377 135 421 184 ΟΡ
443 136 472 187 C.
488 135 635 184 PLINIUS
657 135 845 184 CAECILIUS
866 135 1055 185 SECUNDUS.
1102 131 1142 202 25

142 291 308 354 Laudiceni.
350 294 389 354 Et
403 304 500 354 tamen
518 293 619 355 crescit
635 297 666 354 in
686 297 746 355 dies
765 295 888 356 foeditas
906 306 1027 373 utraque
1042 295 1141 370 lingua

142 403 250 453 notata.
293 394 373 453 Here
393 394 451 453 duo
471 395 703 454 nomenclatores
718 396 776 453 mei
791 394 912 475 (habent
926 413 996 454 sane
1015 403 1139 452 aetatem

141 512 243 553 eorum
258 497 306 572 qui
321 515 413 573 nuper
427 506 511 572 togas
525 495 712 575 sumpserint)
727 498 815 555 ternis
830 495 954 555 denariis
968 495 1005 553 ad
1019 495 1138 553 laudan·

141 593 213 651 dum
227 594 418 653 trahebantur.
462 595 551 654 Tanti
571 604 683 655 constat
703 603 736 652 ut
754 595 792 653 sis
813 595 1027 654 disertissimus.
1069 593 1138 651 Hoc

96 707 126 756 25
140 693 235 768 pretio
257 693 415 769 quamlibet
442 711 598 751 numerosa
622 693 756 752 subsellia
779 693 932 770 inplentur,
953 692 1011 752 hoc
1035 685 1139 768 ingens

140 808 252 850 corona
276 791 426 867 colligitur,
450 791 508 851 hoe
528 791 631 849 infiniti
655 791 796 849 clamores
822 798 1048 862 commoventur,
1071 804 1138 851 cum

139 889 329 948 mesochorus
351 889 430 948 dedit
450 890 575 965 signum.
618 888 702 964 Opus
722 898 766 948 est
782 889 860 948 enim
880 889 964 966 signo
984 888 1061 964 apud
1076 907 1137 947 non

139 988 348 1064 intellegentes,
364 1006 402 1046 ne
419 988 569 1047 audientes
586 989 721 1066 quidem:
744 1007 813 1046 nam
830 989 958 1065 plerique
979 1005 1039 1046 non
1058 989 1138 1046 audi-

139 1095 201 1158 unt,
222 1105 276 1145 nec
296 1087 346 1144 ulli
365 1087 458 1163 magis
476 1087 603 1146 laudant.
647 1086 796 1163 Siquando
818 1087 952 1145 transibis
973 1105 1025 1162 per
1041 1086 1137 1144 basili-

95 1209 128 1256 30
140 1203 206 1244 cam
223 1193 253 1243 et
266 1186 346 1243 voles
367 1186 439 1244 scire
460 1203 520 1261 quo
541 1184 631 1244 modo
653 1185 774 1261 quisque
795 1185 879 1256 dicat,
901 1185 970 1244 nihil
991 1193 1035 1243 est
1056 1184 1137 1260 quod

140 1283 264 1343 tribunal
285 1282 435 1357 ascendas,
457 1283 527 1340 nihil
548 1283 628 1358 quod
648 1285 787 1360 praebeas
808 1283 1042 1366 auremplacilis
1068 1283 1136 1340 divi-

139 1383 241 1440 natio:
272 1382 343 1441 scito
368 1400 435 1440 eurn
462 1381 588 1458 pessime
616 1382 721 1452 dicere,
746 1383 795 1459 qui
818 1383 979 1442 laudabitur
1000 1381 1134 1439 maxime.

139 1479 253 1538 Primus
286 1479 364 1539 hunc
400 1481 536 1538 audiendi
571 1498 683 1538 morem
713 1479 826 1540 induxit
857 1480 978 1556 Largius
1009 1478 1135 1551 Licinus

138 1577 279 1638 hactenus
299 1589 398 1637 tamen
416 1590 447 1638 ut
468 1580 615 1638 auditores
634 1590 821 1654 corrogaret:
843 1580 883 1638 ita
897 1589 973 1639 certe
990 1598 1025 1637 ex
1041 1578 1135 1651 Quin-

93 1701 124 1750 35
138 1678 248 1749 tilian0,
276 1687 464 1754 praeceptore
492 1696 569 1748 meo,
597 1677 712 1738 audisse
740 1678 867 1736 memini.
919 1676 1062 1735 Narrabat
1089 1677 1136 1735 ille

139 1776 325 1835 ‘adsectabar
359 1775 521 1834 Domitium
552 1775 663 1835 Afrum.
720 1776 795 1835 Cum
830 1775 908 1852 apud
942 1775 1136 1834 centumviros

139 1873 247 1933 diceret
267 1875 390 1951 graviter
408 1884 437 1934 et
456 1875 533 1933 lente
547 1875 618 1954 (hoc
639 1875 717 1933 enim
737 1874 776 1932 illi
798 1875 919 1934 actionis
940 1891 1032 1950 genus
1053 1871 1134 1951 erat),

138 1973 218 2032 audit
238 1992 275 2032 ex
293 1974 427 2050 proximo
447 1974 626 2033 inmodicum
646 1975 849 2052 insolitumque
867 1976 1031 2034 clamorem.
1073 1973 1135 2031 Ad·

137 2073 257 2130 miratus
285 2073 405 2132 reticuit.
448 2072 506 2130 Ubi
535 2074 679 2130 silentium
706 2074 815 2133 factum
844 2086 897 2146 est,
925 2074 1027 2150 repetit
1055 2073 1135 2148 quod

91 2204 123 2252 40
137 2171 299 2246 abruperat.
342 2170 451 2229 Iterum
469 2171 587 2242 clamor,
602 2171 704 2229 iterum
723 2173 842 2244 reticuit,
858 2181 886 2230 et
903 2180 971 2248 post
990 2171 1134 2228 silentium

137 2270 236 2345 coepit
260 2269 337 2327 idem
363 2271 454 2328 tertio.
497 2269 662 2328 Novissime
685 2270 750 2344 quis
775 2271 881 2327 diceret
905 2269 1061 2345 quaesivit:
1089 2286 1134 2327 re-

137 2386 280 2444 sponsum
295 2378 338 2427 est
349 2367 488 2427 “Licinus
495 2367 520 2428 '’.
549 2368 628 2426 Tum
642 2368 803 2427 intermissa
817 2386 904 2427 causa
916 2373 932 2400 “
942 2368 1109 2426 centumviri
1117 2367 1134 2394 '’

136 2467 238 2543 inquit,
255 2466 337 2526 “hoc
351 2468 500 2525 artificium
515 2466 597 2542 periit
605 2465 639 2523 '’.’
681 2465 771 2538 Quod
790 2468 895 2544 alioqui
910 2469 1001 2545 perire
1014 2467 1134 2544 incipie-

135 2566 197 2636 bat,
219 2583 286 2623 cum
307 2565 416 2642 perisse
434 2565 508 2625 Afro
528 2565 679 2637 videretur,
702 2585 780 2625 nunc
801 2585 869 2626 vero
890 2586 984 2644 prope
1005 2566 1134 2626 funditus

88 2692 121 2743 45
136 2664 296 2723 extinctum
318 2675 346 2722 et
367 2682 499 2723 eversum
520 2675 573 2723 est.
615 2665 708 2724 Pudet
722 2666 824 2725 referre
844 2685 918 2744 quae
940 2684 1027 2744 quam
1045 2665 1135 2725 fracta

136 2764 371 2838 pronuntiatione
404 2765 543 2836 dicantur,
578 2765 681 2841 quibus
713 2784 801 2842 quam
832 2767 928 2824 taetris
960 2765 1134 2824 clamoribus

136 2861 324 2936 excipiantur.
376 2861 497 2921 Plausus
528 2872 640 2921 tanturn
669 2881 703 2922 ac
731 2865 827 2939 potius
857 2864 919 2922 sola
947 2864 1079 2940 cymbala
1106 2875 1135 2922 et

135 2968 274 3036 tympana
294 2960 347 3018 illis
369 2962 487 3021 canticis
509 2962 631 3020 desunt:
653 2962 775 3020 ululatus
795 2962 911 3037 quidem
927 2960 1034 3040 (neque
1056 2962 1133 3020 enim

135 3058 193 3117 alio
208 3061 351 3118 vocabulo
366 3071 463 3136 potest
477 3063 600 3138 exprimi
620 3062 737 3120 theatris
751 3079 869 3139 quoque
883 3062 1021 3120 indecora
1034 3061 1133 3118 lauda·

87 3185 122 3235 50
134 3154 190 3234 tio)
204 3158 283 3234 large
301 3169 463 3235 supersunt.
505 3159 570 3219 Nos
585 3172 683 3219 tamen
702 3160 797 3220 adhuc
816 3171 845 3220 et
857 3162 961 3219 utilitas
975 3161 1133 3219 amicorum

135 3267 165 3316 et
184 3258 257 3315 ratio
276 3258 377 3316 aetatis
395 3268 524 3316 moratur
543 3277 577 3317 ac
596 3260 708 3318 retinet.
750 3259 893 3318 Veremur
907 3261 985 3319 enim
1002 3278 1039 3316 ne
1058 3258 1133 3318 forte

134 3374 198 3415 nou
212 3357 264 3415 has
279 3356 462 3433 indignitates
477 3357 633 3433 reliquisse,
645 3359 697 3416 sed
710 3359 842 3417 laborem
856 3358 964 3436 fugisse
975 3357 1131 3420 videamur.

135 3454 243 3514 Sumus
268 3466 366 3515 tamen
394 3458 479 3516 solito
508 3459 636 3530 rariores
666 3460 746 3536 quod
773 3459 887 3518 initium
915 3470 958 3519 est
990 3459 1132 3534 gradatim

133 3553 294 3614 desinendi.
338 3555 420 3616 Vale.
