2646 3914
169 166 208 210 10
435 163 457 211 A
484 164 681 213 SELEOTION
701 164 805 212 FROM
826 163 896 211 THE

166 321 216 379 tibi
238 330 386 398 tamquam
408 323 438 380 in
459 331 507 380 tua
528 322 650 399 placeat.
692 322 825 382 Aciliano
845 341 914 381 vero
935 323 990 399 ipsi
1012 323 1165 399 plurimum
1233 335 1237 342 ’

166 419 272 494 vigoris
286 420 451 492 industriae,
467 439 646 497 quamquam
659 423 690 479 in
704 423 831 480 maxima
844 421 1026 480 verecundia.
1067 419 1166 492 Quae·
1182 443 1211 492 25

166 527 276 576 sturam
303 519 479 576 tribunatum
507 530 670 595 praeturam
699 521 902 579 honestissime
927 521 1104 595 percucurrit
1132 538 1169 578 ac

166 616 225 673 iam
253 634 307 691 pro
336 635 368 675 se
395 617 446 675 tibi
475 619 676 677 necessitatem
705 618 853 677 ambiendi
880 619 998 677 remisit.
1047 618 1101 676 Est
1128 618 1167 675 illi

168 713 256 772 facies
283 714 405 773 liberalis
433 715 524 774 multo
554 718 704 793 sanguine,
730 718 821 774 multo
849 718 955 776 rubore
981 717 1098 786 suffusa,
1124 725 1168 774 est

168 813 295 889 ingenua
323 814 409 871 totius
438 815 567 892 corporis
596 814 778 890 pulchritudo
804 825 832 873 et
860 816 978 890 quidam
1007 814 1168 874 senatorius

171 911 266 970 decor.
310 909 393 982 Quae
419 929 475 987 ego
501 930 685 988 nequaquam
711 913 831 971 arbitror
852 914 1051 990 neglegenda:
1081 912 1168 970 debet
1183 929 1215 976 30

169 1008 248 1067 enirn
267 1009 324 1068 hoc
341 1011 462 1068 castitati
483 1011 642 1087 puellarum
662 1012 744 1089 quasi
764 1013 928 1088 praemium
948 1013 1015 1070 dari.
1059 1010 1167 1069 Nescio

170 1127 208 1167 an
232 1109 354 1168 adiciam
380 1127 444 1168 esse
468 1111 542 1185 patri
570 1111 631 1168 eius
655 1109 767 1185 amplas
795 1109 954 1169 facultates.
996 1109 1076 1168 Nam
1100 1126 1169 1167 cum

170 1208 315 1284 imaginor
345 1226 405 1278 vos,
439 1208 543 1284 quibus
569 1208 740 1293 *quaerimus
771 1227 922 1285 generum,
953 1208 1097 1267 silendum
1132 1206 1169 1264 de

171 1306 354 1365 facultatibus
378 1316 466 1384 puto:
498 1324 564 1365 cum
590 1306 723 1382 publicos
748 1324 845 1366 mores
870 1317 956 1383 atque
978 1307 1065 1365 ctiam
1090 1305 1169 1380 leges

171 1401 292 1459 civitatis
327 1403 447 1473 intueor,
482 1419 557 1477 quae
592 1400 636 1458 vel
675 1401 705 1457 in
741 1401 841 1477 primis
877 1419 982 1460 census
1017 1399 1169 1459 hominum
1184 1421 1215 1470 35
1318 1469 1319 1488 Χ

172 1499 346 1575 spectandos
374 1502 554 1571 arbitrantur,
584 1517 621 1557 ne
653 1499 682 1557 id
710 1499 827 1576 quidem
859 1499 1101 1575 praetereundum
1130 1498 1172 1555 vi·
1203 1544 1207 1552 .

172 1597 261 1655 detur
304 1598 343 1656 Et
370 1617 439 1657 sane
465 1598 501 1657 de
528 1597 652 1675 posteris
677 1607 705 1655 et
733 1597 777 1656 his
805 1597 934 1673 pluribus
957 1598 1095 1674 cogitanti
1123 1596 1169 1654 hic

173 1713 291 1772 quoque
314 1698 345 1754 in
367 1698 585 1757 condicionibus
607 1697 767 1772 deligendis
791 1696 947 1772 ponendus
968 1705 1012 1754 est
1036 1695 1169 1754 calculus.

173 1791 222 1850 Tu
246 1793 367 1855 tortasse
391 1816 438 1855 me
459 1806 543 1873 putes
563 1796 717 1855 indulsisse
738 1794 829 1852 amori
854 1811 921 1852 meo
943 1811 1087 1870 supraque
1107 1794 1170 1865 ista,

173 1908 262 1966 quam
290 1912 335 1952 res
363 1896 476 1971 patitur,
501 1892 657 1953 sustulisse.
708 1893 749 1950 At
776 1910 834 1967 ego
859 1893 915 1950 fide
943 1911 1010 1951 mea
1037 1893 1172 1968 spondeo
1184 1912 1218 1962 40

173 1989 300 2048 futurum
330 2002 361 2049 ut
392 1993 490 2050 omnia
521 1992 609 2068 longe
638 1990 788 2066 ampliora,
817 2007 905 2066 quam
934 2009 952 2048 a
979 2008 1027 2048 me
1058 1991 1172 2066 praedi-

174 2095 286 2159 cantur,
300 2088 436 2148 invenias.
477 2088 576 2164 Diligo
591 2089 709 2164 quidem
729 2087 943 2146 adulescentem
961 2088 1170 2161 ardentissime,

175 2186 248 2244 sicut
275 2197 414 2262 meretur;
447 2187 499 2246 sed
526 2187 583 2246 hoc
611 2187 707 2263 ipsum
735 2186 859 2245 amantis
884 2195 936 2258 est,
962 2204 1024 2244 non
1049 2205 1172 2247 onerare

176 2302 243 2343 eum
264 2286 403 2346 laudibus.
445 2288 527 2347 Vale.

496 2561 546 2616 10.
588 2541 718 2635 (Boou
742 2574 766 2614 1.
792 2553 850 2635 15.)

208 2718 281 2782 Pliny
297 2717 380 2767 tallies
396 2717 518 2783 Septicius
535 2735 567 2768 on
584 2719 678 2785 having
693 2719 787 2768 broken
804 2719 843 2768 his
860 2726 1023 2784 engagement
1040 2725 1066 2769 to
1084 2718 1140 2769 dine

347 2802 408 2851 with
425 2802 484 2860 him,
501 2803 550 2852 and
566 2803 623 2852 tells
639 2802 692 2850 him
708 2803 728 2850 it
744 2819 796 2853 was
812 2803 851 2852 his
869 2819 925 2853 own
936 2801 1001 2868 loss.
1139 2793 1151 2810 ⁶

408 2957 433 2998 C·
454 2956 567 2998 PLINIUS
587 2957 714 2998 SEPTICIO
735 2957 829 2998 CLARO
850 2958 904 2998 SUO
925 2959 947 2998 S.

219 3089 303 3149 Heus
322 3098 354 3146 tu
372 3087 516 3164 promittis
536 3086 574 3145 ad
594 3105 696 3144 cenam
716 3105 771 3145 nec
789 3087 886 3146 venisl
928 3085 1040 3146 Dicitur
1054 3087 1115 3146 ius:
1137 3086 1175 3146 ad

178 3205 275 3247 assem
295 3187 465 3264 inpendium
486 3185 599 3258 reddes
621 3203 676 3243 nec
698 3184 727 3243 id
752 3185 911 3244 modicum.
953 3185 1074 3244 Paratae
1095 3195 1177 3244 erant

177 3284 307 3345 lactucae
340 3285 477 3362 singulae,
509 3283 645 3343 cochleae
676 3292 783 3356 ternae,
812 3302 868 3342 ova
897 3284 976 3355 bina,
1004 3284 1076 3344 alica
1108 3302 1177 3344 cum

179 3383 274 3442 mulso
295 3394 323 3442 et
347 3385 411 3442 nive
434 3381 514 3462 (nam
539 3380 615 3439 hanc
637 3399 751 3458 quoque
773 3383 967 3457 computabis,
988 3382 1079 3440 immo
1100 3381 1176 3442 hanc

178 3482 209 3539 in
229 3482 337 3558 primis,
351 3502 426 3561 quae
445 3483 528 3558 periit
547 3480 576 3538 in
596 3479 725 3560 ferculo),
741 3480 841 3550 olivae,
862 3480 982 3550 betacei,
1003 3482 1205 3555 cucurbitae,5

177 3579 266 3653 bulbi,
288 3582 343 3641 alia
363 3583 440 3641 mille
461 3599 523 3640 non
545 3580 641 3639 minus
661 3579 745 3638 lauta.
789 3577 929 3636 Audisses
951 3579 1111 3639 comoedos
1133 3581 1178 3639 vel
