2662 3914
204 112 366 164 LETTERS
389 116 433 164 OE
455 118 483 167 C.
499 118 650 166 PLINIUS
670 117 857 168 CAECILIUS
877 120 1069 170 SECUNDUS.
1112 123 1153 188 99

473 309 526 364 ta.
568 300 699 379 (BOOK
721 327 747 382 9.
773 303 834 385 21.)

200 440 273 506 Pliny
285 443 346 508 begs
358 459 374 491 a
385 445 480 509 pardon
491 444 556 494 from
567 445 714 495 Sabinianus
725 447 764 496 sor
775 464 790 495 a
802 447 925 496 freedman
937 447 967 496 of
974 447 1017 497 the
1027 445 1101 498 latter

496 528 553 578 who
564 529 616 578 had
628 529 739 578 offended
750 529 810 578 him.

429 665 582 706 c.1²1.1rt1us
602 665 754 706 SABINIANO
775 665 829 706 SUO
849 665 877 706 S..

190 772 325 834 Libertus
344 785 418 848 tuus,
434 777 480 836 cui
500 797 670 837 suscensere
685 787 713 837 te
735 778 858 848 dixeras
873 777 950 836 venit
969 778 1009 837 ad
1030 796 1077 836 me
1099 779 1150 838 ad·

145 872 322 950 volutusque
358 877 482 953 pedibus
521 877 595 936 meis
629 886 779 953 tamquam
814 877 870 935 tuis
903 875 1003 934 haesit.
1059 876 1151 937 Flevit

144 971 280 1045 multum,
308 975 433 1034 multum
456 976 574 1052 rogavit,
599 976 722 1034 multum
747 977 834 1034 etiam
857 975 954 1044 tacuit,
979 975 1010 1031 in
1034 993 1149 1034 summa

145 1071 216 1130 fecit
249 1073 321 1132 mihi
352 1075 440 1134 fidem
474 1075 676 1152 paenitentiae.
729 1074 806 1132 Vere
834 1073 922 1132 credo
951 1074 1146 1146 emendatum,

114 1177 130 1228 5
146 1171 217 1246 quia
231 1172 385 1250 deliquisse
400 1192 432 1232 se
452 1175 546 1233 sentit.
588 1173 731 1246 Irasceris,
748 1175 817 1245 scio,
833 1183 861 1232 et
882 1173 1013 1232 irasceris
1034 1173 1145 1244 merito,

144 1269 177 1328 id
204 1289 322 1348 quoque
350 1275 431 1333 scio:
467 1273 519 1333 sed
543 1283 613 1333 tunc
636 1274 792 1350 praecipua
818 1272 1047 1332 mansuetudinis
1075 1271 1145 1344 laus,

145 1387 213 1428 cum
235 1370 293 1429 irae
314 1390 404 1431 causa
423 1371 578 1430 iustissima
597 1381 648 1431 est.
690 1371 804 1430 Amasti
826 1371 977 1430 hominem
998 1381 1035 1443 et
1050 1388 1145 1447 spero,

144 1468 276 1527 amabis:
306 1470 422 1528 interim
446 1470 548 1530 sufficit
566 1478 598 1529 ut
616 1471 730 1529 exorari
746 1475 778 1529 'te
792 1471 878 1528 sinae.
920 1469 1033 1528 Licebit
1047 1488 1145 1529 rursus

146 1567 240 1638 irasci,
258 1569 282 1626 si
296 1568 440 1648 meruerit,
454 1569 534 1645 quod
548 1579 683 1628 exoratus
699 1567 864 1628 excusatius
878 1567 975 1627 facies.
1017 1567 1144 1627 Remitte

99 1680 132 1714 10
144 1665 254 1741 aliquid
288 1667 500 1727 adulescentiae
531 1667 630 1744 ipsius,
657 1669 770 1728 remitte
797 1666 931 1737 lacrimis,
959 1667 1071 1725 remitte
1099 1667 1144 1724 in-

144 1763 310 1839 dulgentiae
337 1774 420 1825 tuae:
457 1785 495 1824 ne
522 1768 640 1826 torseris
665 1767 754 1838 illurn,
782 1784 820 1824 ne
848 1764 963 1825 torseris
991 1765 1077 1823 etiam
1105 1774 1142 1823 te.

142 1862 303 1939 Torqueris
317 1865 404 1936 enim,
419 1883 487 1923 cum
506 1875 566 1924 tam
584 1866 657 1924 lenis
678 1866 815 1925 irasceris.
857 1863 969 1923 Vereor
989 1883 1028 1923 ne
1046 1863 1143 1922 videar

143 1978 207 2019 non
234 1979 347 2038 rogare,
376 1963 429 2021 sed
457 1982 571 2039 cogere,
600 1966 624 2024 si
652 1965 787 2042 precibus
815 1965 875 2024 eius
903 1981 983 2022 meas
1012 1963 1142 2021 iunxero.

142 2059 269 2135 Iungam
282 2071 382 2120 tamen
396 2071 477 2122 tanto
491 2064 605 2140 plenius
620 2074 648 2122 et
662 2065 788 2136 effusius,
804 2072 914 2140 quanto
934 2063 1030 2138 ipsum
1049 2061 1141 2120 acrius

98 2169 128 2220 Ῑ5
142 2159 326 2238 severiusque
346 2161 470 2238 corripui
489 2162 621 2221 destricte
642 2163 767 2221 minatus
788 2179 950 2238 numquam
967 2179 1015 2218 me
1038 2167 1141 2240 postea

142 2268 320 2333 rogaturum.
362 2259 432 2320 Hoc
450 2261 497 2332 illi,
513 2261 600 2336 quem
619 2261 716 2318 terreri
736 2260 896 2336 oportebat,
912 2258 962 2316 tibi
976 2276 1037 2316 non
1051 2257 1139 2315 idem.

142 2353 221 2412 Nam
242 2356 365 2417 fortasse
386 2359 490 2417 iterum
513 2359 634 2435 rogabo,
656 2359 817 2434 impetrabo
840 2357 959 2415 iterum:
990 2356 1026 2414 sit
1047 2355 1139 2414 modo

141 2453 197 2512 tale
211 2463 242 2512 ut
256 2473 359 2532 rogare
373 2475 430 2529 me,
445 2467 477 2516 ut
490 2467 633 2534 praestare
648 2466 676 2515 te
690 2457 801 2517 deceat.
843 2454 926 2513 Vale.

466 2673 520 2726 80.
563 2664 694 2746 (BOOK
717 2687 743 2743 9.
768 2663 829 2745 23.)

173 2803 252 2868 Pliny,
261 2804 363 2868 hearing
373 2805 428 2855 that
439 2805 478 2854 his
488 2822 560 2856 name
576 2806 597 2855 is
608 2806 714 2872 coupled
725 2805 786 2855 with
801 2805 856 2854 that
867 2805 897 2854 of
904 2803 1013 2862 Tacitus
1024 2805 1073 2854 and
1084 2804 1137 2854 also

140 2884 230 2934 known
248 2902 280 2935 on
297 2887 330 2936 its
346 2904 402 2937 own
418 2889 510 2946 merits‚
527 2890 548 2938 is
564 2888 691 2954 delighted
707 2887 768 2938 with
785 2887 854 2937 these
870 2903 1010 2937 amurances
1027 2887 1083 2936 that
1099 2887 1138 2937 his

139 2967 239 3032 literary
249 2969 314 3020 fame
325 2970 346 3019 is
357 2971 429 3034 fairly
440 2971 597 3022 established.

430 3117 454 3158 C.
476 3117 589 3159 PLINIUS
610 3116 726 3158 MAXIMO
745 3116 800 3158 SUO
820 3117 843 3158 S.

178 3229 357 3308 Frequenter
376 3231 475 3308 agenti
494 3231 566 3290 mihi
586 3231 681 3290 evenit
701 3239 733 3288 ut
753 3228 931 3303 centumviri,
947 3247 1014 3290 cum
1034 3227 1083 3286 diu
1104 3245 1136 3290 se

137 3329 211 3388 intra
229 3330 358 3390 iudicum
379 3331 579 3390 auctoritatem
598 3330 827 3408 gravitatemque
847 3331 1014 3398 tenuissent,
1031 3345 1135 3387 omnes

137 3437 257 3504 repente
285 3430 368 3506 quasi
396 3430 463 3489 victi
491 3427 643 3504 coactique
670 3437 882 3506 consurgerent
908 3427 1133 3506 laudarentque;

136 3527 301 3606 frequenter
335 3547 352 3588 e
380 3539 482 3590 senatu
510 3527 627 3598 samam,
656 3527 773 3604 qualem
799 3526 928 3586 maxime
954 3535 1133 3604 optaveram,

607 3643 661 3686 ua
