2646 3914
162 245 165 250 Ι
203 180 363 230 LETTERS
386 182 430 230 OE
453 181 482 233 C.
497 183 644 232 PLINIUS
666 181 852 232 CAECILIUS
872 183 1064 233 SECUNDUS.
1103 184 1141 253 17

469 355 518 410 14.
561 349 690 430 (BOOK
714 371 739 412 1.
763 349 823 431 22.)

173 505 198 553 A
209 503 341 570 delighttul
352 505 447 570 picture
458 504 488 555 oi
496 506 538 556 the
549 507 640 556 virtues
652 509 682 557 of
689 508 719 558 T.
732 508 824 565 Aristo,
835 507 920 558 whose
932 507 1024 557 serious
1035 505 1117 555 illness

486 589 581 639 detains
593 589 664 654 Pliny
675 590 700 639 in
711 591 800 642 Rome.

371 727 396 768 C·
418 727 530 768 PLINIUS
551 728 669 770 CATILIO
691 729 800 770 SEVERO
821 728 875 770 SUO
895 729 917 770 S.

188 837 248 897 Diu
268 840 376 898 iamin
393 842 465 899 urbe
484 841 599 916 haereo,
620 853 648 903 et
669 844 787 921 quidem
808 845 953 903 attonitus.
995 841 1144 900 Perturbat

145 955 194 995 me
214 937 304 1014 longa
323 947 353 997 et
374 940 506 1016 pertinax
528 943 662 1002 valetudo
685 943 744 1001 Titi
761 942 913 1012 Aristonis,
936 959 1023 1017 quem
1045 939 1144 1015 singu-

145 1035 239 1093 lariter
266 1047 294 1094 et
321 1037 409 1095 miror
437 1048 465 1096 et
493 1039 590 1116 diligo.
646 1041 725 1100 Nihil
758 1051 801 1101 est
836 1041 914 1100 enim
941 1039 989 1097 illo
1020 1037 1142 1112 gravius,

146 1135 280 1206 sanctius
296 1135 417 1208 doctius,
431 1147 463 1194 ut
477 1138 547 1196 mihi
568 1157 629 1198 non
646 1158 722 1199 unus
742 1139 841 1210 hom0,
864 1138 916 1197 sed
935 1138 1044 1196 litterae
1062 1135 1143 1210 ipsae

117 1245 308 1311 50mnesque
328 1236 424 1294 bonae
445 1245 520 1295 artes
541 1237 571 1294 in
592 1256 652 1296 uno
674 1238 793 1297 homine
817 1254 963 1295 summum
984 1231 1143 1310 periculum

145 1330 224 1390 adire
251 1332 406 1391 videantur.
462 1333 561 1406 Quam
592 1336 700 1411 peritus
735 1337 781 1394 ille
815 1345 844 1394 et
878 1334 978 1410 privati
1011 1331 1080 1389 iuris
1115 1338 1144 1388 et

144 1431 269 1507 publici!
306 1442 446 1508 quantum
473 1452 577 1506 rerum,
607 1445 749 1511 quantum
777 1433 987 1510 exemplorum,
1002 1437 1144 1505 quantum

144 1530 321 1606 antiquitatis
346 1535 438 1590 teneti
497 1531 576 1592 Nihil
596 1544 641 1592 est
664 1534 745 1611 quod
766 1534 877 1592 discere
897 1531 976 1600 velis,
996 1528 1077 1606 quod
1097 1527 1144 1586 ille

144 1625 251 1686 docere
275 1646 337 1687 non
364 1630 464 1705 possit.
507 1629 581 1688 Mihi
610 1641 694 1703 certe,
719 1631 854 1708 quotiens
879 1627 986 1703 aliquid
1014 1626 1143 1685 abditum

99 1749 131 1785 10
145 1743 264 1801 quaero,
291 1728 337 1786 ille
365 1728 515 1788 thesaurus
544 1739 594 1790 est.
644 1731 709 1788 Iam
737 1738 845 1806 quanta
872 1726 1053 1786 sermonibus
1082 1724 1143 1782 eius

145 1823 226 1896 fides,
247 1837 357 1902 quanta
385 1828 547 1900 auctoritas,
571 1847 659 1906 quam
681 1847 782 1904 pressa
804 1835 832 1886 et
854 1825 960 1884 decora
981 1822 1143 1882 cunctatio!

144 1924 216 1999 quid
250 1934 294 1984 est
325 1926 404 2001 quod
435 1945 497 1985 non
529 1929 624 1987 statim
656 1927 746 1987 sciat?
788 1935 816 1984 et
847 1934 945 1983 tamen
973 1923 1143 1999 plerumque

144 2020 276 2093 haesitat,
303 2023 413 2082 dubitat
436 2025 596 2085 diversitate
621 2027 774 2098 rationum,
798 2041 871 2101 quas
894 2023 952 2081 acri
974 2037 1143 2098 magnoque

144 2119 252 2179 iudicio
295 2123 333 2180 ab
371 2124 482 2200 origine
522 2126 673 2201 causisque
712 2124 811 2200 primis
849 2121 960 2197 repetit,
998 2119 1142 2190 discernit,

100 2237 130 2292 15
146 2219 292 2294 expendit.
348 2220 396 2278 Ad
417 2221 474 2281 hoc
500 2242 588 2299 quam
613 2241 716 2300 parcus
739 2225 770 2280 in
790 2223 873 2292 victu,
895 2239 985 2298 quam
1009 2219 1142 2278 modicus

144 2318 175 2374 in
196 2319 290 2376 cultui
334 2319 421 2378 Soleo
440 2322 536 2396 ipsum
554 2321 718 2378 cubiculum
735 2321 796 2378 eius
814 2320 968 2395 ipsumque
985 2318 1092 2376 lectum
1110 2325 1143 2375 ut

144 2418 304 2494 imaginem
339 2421 487 2495 quandam
521 2420 633 2496 priscae
668 2419 835 2496 frugalitatis
870 2418 1008 2494 aspicere.
1050 2415 1143 2476 Ornat

144 2515 218 2574 haec
238 2517 409 2594 magnitudo
428 2519 525 2590 animi,
548 2537 623 2595 quae
644 2519 714 2576 nihil
732 2517 768 2576 ad
790 2516 1022 2587 ostentationem,
1044 2515 1144 2574 omnia

145 2615 183 2671 ad
198 2615 407 2674 conscientiam
422 2616 515 2689 refert,
529 2628 664 2694 recteque
678 2617 747 2675 facti
762 2635 823 2675 non
842 2635 877 2674 ex
892 2615 992 2692 populi
1008 2633 1143 2673 sermone

98 2734 132 2769 ao
145 2714 320 2786 mercedem,
335 2715 388 2773 sed
408 2735 445 2774 ex
466 2715 543 2775 facto
564 2717 644 2794 petit.
686 2714 723 2773 In
737 2734 850 2783 summa
864 2732 925 2772 non
940 2713 1022 2772 facile
1042 2731 1142 2789 quem·

144 2829 235 2887 quam
257 2830 293 2870 ex
314 2813 375 2873 istis
396 2815 445 2890 qui
468 2815 625 2890 sapientiae
647 2815 774 2874 studium
793 2813 892 2870 habitu
911 2813 1040 2888 corporis
1058 2830 1143 2889 prae.-

144 2908 242 2968 ferunt
266 2910 333 2969 huic
354 2912 415 2970 viro
441 2913 631 2988 comparabis.
676 2911 746 2970 Non
768 2910 886 2987 quidem
908 2910 1060 2986 gymnasia
1081 2927 1143 2967 sec·

144 3017 221 3066 tatur
240 3021 290 3068 aut
306 3013 434 3088 porticus
455 3029 510 3069 nec
531 3010 773 3088 disputationibus
793 3008 889 3083 longis
909 3007 1030 3066 aliorum
1052 3007 1143 3064 otium

145 3124 289 3182 suumque
311 3108 442 3179 delectat,
464 3108 567 3166 sedin
588 3119 657 3184 toga
677 3106 859 3182 negotiisque
880 3115 1016 3176 versatur,
1037 3103 1143 3162 multos

97 3223 129 3276 ²⁵
144 3204 344 3278 advocatione,
367 3207 463 3282 plures
488 3207 609 3265 consilio
637 3207 722 3264 iuvat.
766 3201 883 3261 Nemini
904 3211 1001 3259 tamen
1021 3202 1143 3259 istorum

145 3305 285 3376 castitate,
320 3305 432 3382 pietate,
468 3305 582 3377 iustitia,
618 3302 783 3362 fortitudine
821 3300 906 3358 etiam
946 3300 1041 3375 primo
1075 3300 1142 3358 loco

144 3403 273 3461 cesserit.
329 3402 483 3476 Mirareris,
519 3404 543 3461 si
580 3404 743 3471 interesses,
778 3417 852 3476 quae
891 3397 1029 3475 patientia
1067 3397 1142 3458 hanc

143 3502 239 3576 ipsam
262 3501 456 3561 valetudinem
482 3503 590 3574 toleret,
615 3510 647 3558 ut
671 3498 763 3558 dolori
786 3498 906 3568 resistat,
931 3504 963 3553 ut
987 3496 1062 3553 sitim
1090 3495 1142 3554 dif-

142 3599 226 3673 ferat,
247 3611 280 3660 ut
300 3602 498 3662 incredibilem
519 3601 642 3666 febrium
663 3598 797 3656 ardorem
818 3595 946 3655 inmotus
966 3603 1142 3678 opertusque

641 3716 657 3759 c
