2646 3914
225 147 382 197 LETTERS
405 149 449 196 oF
471 149 500 199 0.
516 147 664 196 PLINIUS
686 145 872 196 CAECILIUS
892 149 1084 198 SECUNDUS.
1118 157 1155 223 13

157 325 228 367 nam
255 307 326 390 mihi
354 309 454 385 patria,
480 317 508 368 et
536 308 631 384 siquid
660 307 753 366 carius
778 307 878 383 patria,
904 307 976 368 fides
1000 309 1156 370 videbatur.

112 417 143 468 Ι5
158 406 301 482 Prospere
319 407 415 478 cessit,
433 417 520 484 atque
539 405 680 478 adeoilla
701 405 777 463 actio
798 405 869 463 mihi
890 425 973 466 aures
994 407 1156 481 hominum,

156 503 205 562 illa
224 505 340 562 ianuam
360 504 455 562 lamae
475 503 618 580 patefecit.
659 502 784 561 Proinde
800 503 916 579 dispice,
932 521 970 562 an
988 515 1019 563 tu
1039 524 1156 583 quoque

157 603 213 661 sub
234 601 291 661 hoc
313 603 448 678 exemplo
470 603 617 662 somnium
638 599 716 660 istud
739 601 770 659 in
790 601 903 660 bonum
924 612 1033 662 vertas:
1062 616 1112 662 aut
1133 606 1158 664 si

157 702 245 760 tutius
271 711 357 777 putas
384 701 454 758 illud
481 701 638 760 cautissimi
665 700 805 775 cuiusque
834 709 1030 777 praeceptum,
1060 703 1157 778 ‘quod

158 799 272 858 dubites
306 818 345 857 ne
379 798 504 871 feceris',
541 799 572 857 id
605 800 702 875 ipsum
736 800 869 858 rescribe.
914 798 998 876 ¹Ego
1030 800 1157 876 aliquam

113 917 145 951 κο
159 896 310 974 stropham
331 897 476 955 inveniam
498 915 642 973 agamque
663 915 782 955 causam
803 906 891 968 tuam,
913 907 944 956 ut
966 897 1049 980 istam
1070 917 1158 975 agere

158 1007 198 1067 tn,
214 1013 281 1054 cum
295 995 382 1066 voles,
398 996 503 1072 possis.
546 995 599 1056 Est
614 997 692 1055 enim
707 1015 777 1056 sane
796 997 851 1055 alia
864 997 937 1055 ratio
951 1008 1008 1068 tua,
1023 996 1078 1055 alia
1091 1015 1158 1057 mea

159 1095 220 1153 fuit.
263 1093 340 1153 Nam
361 1095 501 1153 iudicium
519 1095 722 1153 centumvirale
740 1095 847 1154 differri
866 1095 945 1154 nullo
963 1095 1063 1169 modo,
1081 1095 1158 1154 istud

159 1211 245 1269 aegre
259 1193 386 1269 quidem,
402 1194 454 1252 sed
468 1203 567 1251 tamen
580 1202 684 1270 potest.
720 1193 802 1252 Vale.

484 1485 531 1540 18.
573 1477 702 1558 (ΒοοΚ
727 1498 751 1538 1.
777 1476 838 1557 ao.)

192 1634 263 1697 Pliny
274 1633 332 1683 aslrs
346 1633 389 1683 the
402 1633 504 1698 opinion
521 1633 551 1684 os
563 1633 666 1683 Tacitus
681 1650 712 1683 on
728 1650 743 1682 a
760 1641 916 1696 controversy
927 1633 952 1681 in
964 1633 1045 1682 which
1061 1634 1092 1685 be
1108 1635 1158 1685 had
1243 1673 1248 1688 .

159 1718 222 1766 been
238 1717 350 1782 engaged
361 1717 449 1766 witha
464 1716 542 1766 friend
557 1717 586 1764 of
597 1715 643 1772 his,
657 1717 761 1778 namely,
775 1715 884 1765 whether
895 1731 911 1763 a
924 1715 984 1780 long
1000 1718 1090 1781 speech
1104 1735 1159 1768 ora

160 1799 230 1849 short
242 1800 321 1850 oncis
333 1799 375 1849 the
386 1815 455 1848 more
466 1799 577 1849 effective
588 1799 613 1847 in
622 1797 724 1862 judicial
735 1798 859 1864 pleading.

337 2002 340 2008 f
377 1954 401 1995 o.
424 1954 536 1995 rnrurus
556 1953 701 1996 conunnro
723 1954 828 2000 rncrro
849 1931 903 1995 suo
923 1953 946 1994 s

202 2083 351 2161 Frequens
370 2084 440 2142 mihi
460 2085 616 2162 disputatio
634 2094 678 2143 est
698 2103 765 2143 cum
785 2085 915 2162 quodam
935 2085 1022 2143 docto
1040 2084 1158 2146 homine

161 2192 190 2241 et
221 2184 322 2258 perito,
351 2182 397 2241 cui
429 2181 499 2240 nihil
526 2200 617 2257 aeque
645 2183 676 2239 in
705 2183 798 2241 causis
827 2183 949 2258 agendis
977 2192 1009 2239 ut
1035 2183 1159 2243 brevitas

161 2281 264 2358 placet.
307 2280 406 2352 Quam
431 2299 488 2357 ego
513 2280 734 2340 custodiendam
760 2299 824 2339 esse
850 2281 999 2352 confiteor,
1023 2281 1051 2338 si'
1072 2299 1159 2342 causa

162 2380 323 2456 permittat:
353 2379 460 2455 alioqui
483 2379 689 2455 praevaricatio
711 2387 755 2437 est
778 2379 899 2470 transire
920 2379 1052 2450 dicenda,
1078 2399 1160 2456 prae-

133 2489 147 2538 5
163 2479 298 2537 varicatio
312 2478 400 2536 etiam
420 2479 525 2536 cursim
544 2490 573 2536 et
592 2477 714 2535 breviter
732 2479 872 2554 attingere
891 2496 965 2554 quae
985 2488 1051 2536 sunt
1070 2479 1160 2538 incul-

118 2589 124 2612 ·’
162 2576 264 2648 canda,
277 2576 432 2652 infigenda,
448 2578 613 2652 repetenda.
647 2576 725 2634 Nam
739 2578 884 2654 plerisque
897 2577 1029 2652 longiore
1040 2587 1161 2638 tractatu

162 2676 205 2732 vis
230 2675 375 2750 quaedam
399 2686 428 2733 et
452 2675 569 2751 pondus
591 2675 711 2747 accedit,
732 2684 822 2752 utque
843 2676 959 2752 corpori
983 2675 1098 2750 ferrum,
1121 2679 1161 2737 sic

163 2773 256 2830 oratio
274 2774 373 2832 animo
391 2792 453 2832 non
473 2775 532 2832 ictu
553 2774 647 2849 magis
665 2791 753 2849 quam
774 2792 858 2832 mora
878 2774 1058 2850 imprimitur.
1102 2775 1162 2835 Hic

163 2871 210 2929 ille
231 2889 347 2934 mecum
369 2872 583 2930 auctoritatibus
603 2872 662 2947 agit
683 2889 718 2930 ac
738 2872 809 2929 mihi
830 2889 866 2929 ex
888 2874 999 2947 graecis
1016 2874 1162 2932 orationes

120 2992 151 3028 ιο
164 2969 270 3046 Lysiae
289 2980 423 3042 ostentat,
441 2990 478 3029 ex
497 2970 604 3029 nostris
619 2969 819 3030 Gracchorum
837 2969 1023 3046 Catonisque,
1038 2989 1162 3047 quorum

165 3087 236 3127 sane
268 3068 408 3145 plurimae
440 3078 507 3127 sunt
538 3069 726 3127 circumcisae
758 3077 786 3126 et
817 3069 935 3127 breves:
954 3085 1028 3145 'ego
1058 3069 1162 3146 Lysiae

164 3166 397 3238 Demosthenen,
422 3166 599 3239 Aeschinen,
622 3166 793 3242 Hyperiden
817 3167 982 3242 multosque
1006 3176 1162 3242 praeterea,

164 3266 307 3327 Gracchis
322 3275 350 3325 et
365 3264 472 3325 Catoni
486 3264 658 3336 Pollionem,
674 3263 839 3336 Caesarem,
856 3264 995 3344 Caelium,
1014 3265 1044 3321 in
1063 3265 1163 3343 primis

165 3365 209 3424 M.
231 3364 360 3423 Tullium
385 3380 515 3440 oppono,
538 3362 619 3420 cuius
640 3363 732 3421 oratio
755 3364 865 3439 optima
890 3362 977 3421 fertur
998 3380 1065 3421 esse
1090 3383 1164 3442 quae

121 3480 152 3533 15
167 3465 303 3523 maxima.
355 3463 394 3522 Et
420 3462 535 3522 hercule
559 3472 591 3520 ut
616 3463 688 3522 aliae
712 3464 808 3521 bonae
836 3481 883 3521 res
908 3463 946 3522 ita
971 3463 1067 3522 bonus
1094 3465 1165 3523 liber

166 3563 337 3622 meliorest
366 3561 497 3639 quisque,
522 3580 582 3639 quo
609 3562 710 3621 maior.
752 3561 844 3620 Vides
872 3570 904 3620 ut
930 3569 1047 3635 statuas,
1073 3563 1164 3640 signa,
