2646 3914
455 152 478 198 A
503 151 700 200 SELEOTION
720 150 823 198 FROM
844 151 915 198 THE

508 423 562 477 59.
603 413 732 494 (BOOK
754 417 781 472 6.
806 412 863 492 τό.)

217 563 296 626 Pliny,
309 570 335 612 at
350 563 393 613 the
409 572 505 629 request
519 565 549 612 of
555 565 665 623 Tacitus,
678 565 766 613 relates
782 564 839 612 how
850 564 889 612 his
904 565 974 613 uncle
991 565 1066 628 being
1077 565 1102 612 in
1118 579 1186 612 com·

185 646 260 693 mand
272 652 297 694 at
310 646 433 694 Misenum
445 646 542 695 crossed
554 647 596 695 the
614 647 663 709 bay
674 646 702 694 ol
711 646 805 710 Naples
816 653 848 694 to'
859 647 930 695 assist
942 646 983 695 the
999 646 1109 694 sufferers
1120 645 1185 694 from

185 729 227 777 the
244 729 357 792 eruption
374 729 404 778 of
415 729 544 784 Vesuvius.
555 729 605 777 and
622 729 721 792 expired
734 729 824 793 during
839 729 880 777 the
898 729 1018 793 emption,
1036 729 1186 792 apparently

185 811 249 860 from
260 811 301 861 the
312 811 382 860 effect
394 813 423 862 of
431 812 473 860 the
484 812 631 876 sulphurous
642 827 750 876 vapours
762 812 957 876 accompanying
967 812 995 860 it.

484 966 509 1005 C.
531 965 644 1005 PLINIUS
665 966 771 1006 TACITO
792 966 845 1006 SUO
865 967 888 1006 S.

223 1094 301 1154 Petis
316 1104 347 1153 ut
361 1095 412 1152 tibi
430 1093 564 1152 avunculi
582 1095 640 1152 mei
662 1094 771 1153 exitum
792 1095 925 1166 scribam,
940 1114 999 1172 quo
1019 1097 1112 1154 verius
1126 1106 1184 1156 tra-

185 1191 254 1251 dere
275 1194 399 1269 posteris
420 1192 525 1268 possis.
567 1191 683 1251 Gratias
704 1211 780 1269 ago:
811 1211 879 1250 nam
898 1193 982 1252 video
1004 1196 1090 1252 morti
1111 1196 1182 1266 eius,

186 1291 210 1348 si
237 1291 395 1349 celebretur
423 1308 440 1347 a
467 1299 504 1360 te,
533 1290 716 1349 inmortalem
743 1292 865 1368 gloriam
879 1363 880 1366 Ἴ
893 1310 958 1350 esse
993 1294 1182 1370 propositam.

185 1387 326 1458 Quamvis
344 1389 421 1446 enim
440 1387 694 1463 pulcherrimarum
714 1373 795 1448 clade
814 1399 960 1462 terrarum,
975 1401 1007 1450 ut
1025 1393 1135 1468 populi,
1150 1404 1182 1451 ut

184 1489 280 1557 urbes,
308 1487 488 1545 memorabili
516 1505 585 1544 casu
620 1488 703 1562 quasi
739 1507 854 1564 semper
882 1489 1007 1548 victurus
1035 1492 1208 1562 occiderit‚5

184 1585 315 1661 quamvis
334 1585 397 1660 ipse
416 1584 540 1662 plurima
559 1604 648 1662 opera
670 1595 698 1644 et
719 1605 856 1646 mansura
874 1589 1042 1660 condiderit,
1057 1591 1182 1648 multum

183 1694 282 1742 tamen
300 1684 480 1759 perpetuitati
500 1684 561 1742 eius
582 1685 755 1762 scriptorum
775 1694 891 1743 tuorum
910 1688 1062 1745 aeternitas
1085 1688 1182 1747 addet.

183 1781 328 1859 Equidem
338 1783 440 1840 beatos
455 1790 526 1858 puto
547 1783 652 1858 quibus
668 1783 788 1841 deorum
808 1803 928 1843 munere
948 1786 1048 1844 datum
1069 1797 1112 1845 est
1133 1798 1182 1846 aut

183 1873 278 1938 faeere
299 1879 450 1938 scribenda
468 1889 518 1937 aut
539 1881 662 1938 scribere
683 1880 815 1956 legenda,
830 1884 1014 1943 beatissimos
1028 1902 1096 1943 vero
1114 1867 1182 1962 qui·

182 1981 238 2036 bus
252 1988 413 2052 utrumque.
456 1976 573 2034 Horum
592 1979 623 2035 in
644 1997 766 2037 numero
785 1983 942 2041 avunculus
964 2001 1046 2042 meus
1069 1992 1098 2041 et
1121 1984 1182 2042 suis
1194 2001 1225 2036 10

182 2077 261 2134 libris
289 2084 318 2132 et
339 2075 395 2133 tuis
420 2075 479 2132 erit.
531 2075 601 2147 Quo
623 2076 757 2136 libentius
780 2080 915 2156 suscipi0,
941 2081 1070 2158 deposco
1094 2082 1181 2141 etiam

137 2175 263 2285 >quod
285 2173 420 2250 iniungis.
461 2173 532 2231 Erat
557 2173 664 2232 Miseni
689 2175 870 2254 classemque
892 2180 1014 2255 imperio
1043 2199 1182 2256 praesens

182 2277 309 2353 regebat.
351 2272 474 2331 Nonum
488 2273 554 2331 Kal.
572 2272 758 2351 Septembres
776 2274 848 2334 hora
867 2279 927 2336 sere
947 2281 1070 2355 septima
1089 2291 1182 2338 mater

183 2394 249 2433 mea
276 2374 386 2432 indicat
414 2373 440 2430 ei
470 2391 610 2450 apparere
639 2374 748 2432 nubem
772 2375 909 2435 inusitata
931 2388 959 2436 et
982 2379 1182 2454 magnitudine

182 2483 212 2530 et
226 2473 330 2556 specie.
373 2471 453 2529 Usus
466 2472 513 2528 ille
533 2470 602 2541 sole,
618 2489 688 2529 mox
702 2471 813 2548 frigida,
829 2486 991 2550 gustaverat
1009 2478 1108 2536 iacens
1123 2488 1182 2537 stu-
1194 2498 1224 2546 15

184 2570 346 2646 debatque:
376 2551 472 2645 poscit
500 2570 603 2640 soleas,
627 2570 756 2629 ascendit
781 2567 878 2630 locum
907 2593 943 2632 ex
969 2593 1029 2650 quo
1055 2577 1182 2636 maxime

182 2667 353 2726 miraculum
371 2669 440 2726 illud
460 2668 592 2743 conspici
616 2676 737 2742 poterat.
779 2667 890 2737 Nubes,
912 2673 1053 2730 incertum
1080 2676 1182 2750 procul
1201 2682 1204 2690 '

153 2765 158 2782 '
182 2767 357 2824 intuentibus
371 2785 408 2825 ex
422 2784 482 2842 quo
496 2776 597 2824 monte
612 2763 785 2844 (Vesuvium
805 2767 892 2827 fuisse
912 2781 1015 2846 postea
1030 2774 1182 2847 cognitum

183 2862 247 2942 est),
263 2866 415 2934 oriebatur,
430 2867 512 2924 cuius
528 2863 743 2922 similitudinem
758 2874 787 2922 et
801 2865 926 2924 formam
941 2888 1002 2926 non
1017 2870 1072 2928 alia
1086 2873 1181 2948 magis

1306 1917 1319 2048 r

182 2967 266 3023 arbor
280 2982 369 3040 quam
382 2965 469 3039 pinus
483 2963 663 3040 expresserit.
707 2963 786 3021 Nam
800 2964 972 3040 longissimo
986 2969 1062 3026 velut
1076 2980 1180 3030 trunco
1188 2957 1225 3032 ⁴20
1316 3033 1319 3050 1

182 3063 257 3122 elata
277 3063 308 3120 in
330 3061 420 3120 altum
444 3061 616 3138 quibusdam
638 3061 725 3120 ramis
748 3063 971 3136 diffundebatur,
992 3068 1089 3139 credo,
1111 3071 1180 3144 quia
1251 3113 1253 3118 ,

181 3162 289 3221 recenti
304 3161 403 3237 spiritu
417 3172 525 3232 evecta,
541 3162 609 3220 dein
630 3170 800 3220 senescente
820 3179 856 3220 eo
877 3163 1012 3223 destituta
1026 3176 1076 3223 aut
1090 3168 1179 3226 etiarn

181 3262 312 3338 pondere
327 3278 380 3319 suo
395 3259 469 3319 victa
487 3261 517 3317 in
538 3259 717 3318 latitudinem
737 3262 927 3320 vaneseebat:
952 3264 1076 3322 candida
1090 3265 1178 3326 inter·
1221 3305 1222 3308 =

182 3361 260 3431 dum,
274 3359 419 3420 interdum
434 3359 551 3418 sordida
569 3368 597 3417 et
616 3359 772 3430 maculosa,
786 3370 872 3436 prout
890 3371 994 3420 terram
1014 3343 1178 3426 cineremve
1196 3433 1200 3442 ⁴
1222 3437 1225 3444 Ι

181 3460 341 3519 sustulerat.
398 3459 541 3536 Magnum
568 3460 745 3536 propiusque
772 3461 962 3530 noscendum,
987 3473 1019 3520 ut
1046 3465 1220 3543 eruditis-25

182 3557 256 3616 simo
276 3558 346 3630 viro,
366 3559 467 3619 visum.
510 3559 594 3618 Iubet
614 3558 784 3619 liburnicam
805 3561 912 3636 aptari:
942 3560 1021 3632 mihi,
1037 3563 1060 3621 si
1079 3564 1179 3623 venire
