2646 3914
174 185 216 246 42
252 253 254 256 Ι
443 178 465 227 A
491 181 691 231 eucnemon
709 180 814 230 saon
835 179 905 228 rna

175 355 230 398 nee
245 350 288 398 est
302 339 383 415 quod
397 340 550 417 quisquam
565 343 658 418 possit
672 359 736 400 esse
751 359 876 412 securus,
892 339 960 417 quia
979 339 1018 399 sit
1036 339 1173 399 remissus
1185 365 1215 400 20

176 446 205 496 et
225 438 319 510 mitis;
349 439 503 497 nonenim
522 439 629 499 iudicio
649 426 770 509 domini,
785 439 837 498 sed
858 438 965 498 scelere
985 439 1174 515 perimuntur.

87 551 90 558 ’
176 535 289 594 Vemm
308 537 381 597 haec
399 535 549 596 hactenus.
591 537 671 609 Quid
689 546 840 614 praeterea
854 537 942 595 novi?
971 537 1173 613 quidinihi13

177 633 284 710 alioqui
299 635 521 711 subiungerem:
551 654 620 694 nam
640 645 669 694 et
683 635 782 694 charta
801 634 896 693 adhuc
916 645 1055 712 superest,
1070 645 1099 694 et
1113 635 1175 694 dies

178 732 293 792 feriatus
316 734 421 809 patitur
443 733 525 810 plura
546 735 669 792 contexi.
711 733 829 791 Addam
850 734 931 809 quod
952 745 1116 811 opportune
1138 733 1175 792 de

178 832 282 890 eodem
317 831 482 892 Macedone
519 832 663 892 succurrit.
727 830 804 890 Cum
839 831 869 889 in
904 833 1021 909 publico
1059 832 1174 892 Romae
1187 855 1217 906 25

177 931 324 1003 lavaretur,
348 932 482 991 notabilis
505 942 592 1008 atque
617 933 712 1003 etiam,
740 940 771 989 ut
794 931 887 990 exitus
912 932 1019 1003 docuit,
1041 933 1177 991 ominosa

162 1048 223 1110 'res
238 1031 350 1090 accidit.
391 1030 491 1105 Eques
505 1030 657 1089 Romanus
672 1049 690 1088 a
704 1047 787 1088 servo
806 1029 867 1088 eius
885 1038 917 1087 ut
931 1030 1080 1089 transitum
1095 1030 1177 1089 daret

179 1148 269 1188 manu
282 1129 380 1188 leviter
394 1129 560 1188 admonitus
580 1132 719 1189 convertit
740 1149 771 1189 se
791 1148 844 1188 nec
865 1147 1021 1201 servum,a
1041 1147 1101 1204 quo
1115 1139 1177 1187 erat

180 1239 281 1299 tactus,
298 1228 348 1286 sed
363 1227 459 1303 ipsum
478 1226 675 1286 Macedonem
691 1239 750 1287 tam
772 1229 895 1304 graviter
916 1227 1013 1304 palma
1026 1227 1177 1303 percussit,

180 1336 212 1385 ut
234 1345 328 1402 paene
350 1325 523 1385 concideret.
576 1325 621 1384 Ita
645 1326 792 1385 balineum
817 1326 857 1384 illi
886 1327 968 1402 quasi
992 1344 1045 1402 per
1069 1327 1177 1401 gradus
1189 1347 1221 1395 30

180 1426 324 1500 quosdam
360 1426 487 1502 primum
520 1425 715 1485 contumeliae
743 1425 834 1499 locus,
862 1424 969 1484 deinde
1002 1425 1081 1485 exitii
1116 1424 1177 1483 fuit.

180 1524 262 1582 Vale.

506 1749 551 1804 31.
596 1741 725 1823 (BOOK
749 1763 775 1820 3.
801 1740 859 1822 16.)

213 1891 252 1938 To
269 1905 344 1954 prove
359 1889 413 1938 that
427 1889 470 1938 the
487 1889 552 1938 same
565 1890 594 1938 of
606 1891 680 1940 noble
696 1899 749 1940 acts
764 1891 785 1940 is
801 1899 846 1940 not
859 1890 1009 1940 determined
1020 1891 1054 1954 by
1065 1890 1107 1938 the
1122 1903 1179 1953 pro-

180 1973 279 2037 portion
290 1971 320 2020 of
333 1971 396 2020 their
407 1972 494 2027 worth.
507 1972 578 2035 Pliny
589 1973 677 2021 relates
689 1974 809 2022 instances
825 1975 855 2022 of
863 1973 956 2022 Arria's
971 1973 1094 2032 fortitude,
1108 1973 1180 2021 aflec-

180 2054 240 2114 tion,
260 2053 309 2102 and
324 2061 388 2102 stem
406 2053 548 2111 resolution,
565 2053 600 2102 all
615 2053 645 2103 of
657 2055 739 2103 which
754 2055 785 2104 he
802 2055 926 2105 considers
942 2055 1047 2119 grandes
1062 2055 1121 2103 than
1135 2055 1180 2102 her

180 2152 286 2200 purpose
297 2136 322 2186 in
335 2136 418 2185 death.

478 2276 502 2315 C.
525 2276 635 2317 PLINIUS
655 2275 762 2317 NEPOTI
783 2276 837 2318 SUO
858 2277 880 2317 S.

222 2407 387 2465 Adnotasse
411 2406 510 2466 videor
536 2407 611 2465 facta
638 2407 774 2483 dictaque
799 2408 924 2466 virorum
946 2409 1178 2483 feminarumque

182 2505 236 2563 alia
260 2505 381 2563 clariora
402 2523 465 2562 esse
488 2504 542 2563 alia
562 2505 681 2564 maiora.
725 2505 904 2564 Confirmata
925 2517 968 2565 est
988 2506 1090 2584 opinio
1112 2524 1179 2565 mea

181 2603 317 2661 hesterno
338 2602 466 2660 Fanniae
488 2621 631 2661 sermone.
674 2602 778 2679 Neptis
799 2604 871 2662 haec
885 2606 985 2662 Arriae
1007 2606 1081 2663 illius
1103 2623 1179 2680 quae

181 2697 284 2754 marito
300 2705 328 2754 et
343 2697 482 2755 solacium
501 2699 603 2756 mortis
625 2706 653 2756 et
668 2698 833 2773 exemplum
854 2698 915 2757 fuit.
958 2698 1052 2757 Multa
1073 2697 1178 2756 refere-

181 2796 232 2852 bat
255 2796 334 2853 aviae
355 2813 424 2853 suae
446 2813 505 2854 non
527 2797 639 2854 minora
659 2796 725 2866 hoc,
741 2797 793 2854 sed
814 2797 999 2868 obscuriora3
1032 2815 1108 2873 quae
1127 2796 1205 2869 tibi5

182 2895 316 2952 existimo
351 2902 411 2950 tam
439 2894 579 2953 mirabilia
606 2895 712 2969 legenti
740 2893 810 2960 fore,
839 2914 927 2971 quam
955 2895 1024 2952 mihi
1053 2895 1180 2953 audienti

181 2991 304 3050 fuerunt.
347 2992 525 3067 Aegrotabat
549 2992 676 3052 Caecina
703 2992 817 3065 Paetus,
842 2994 959 3051 maritus
982 2994 1053 3063 eius,
1077 3011 1179 3068 aegro-

182 3093 261 3150 tabat
275 3102 303 3151 et
317 3092 398 3163 lilius,
414 3101 534 3168 uterque
548 3092 702 3161 mortifere,
716 3101 748 3149 ut
762 3093 929 3151 videbatur:
961 3093 1035 3150 lilius
1055 3093 1180 3152 decessit

181 3193 287 3250 eximia
314 3189 533 3266 pulchritudine,
562 3192 624 3266 pari
652 3192 833 3262 verecundia,
862 3200 891 3249 et
923 3192 1090 3267 parentibus
1118 3208 1180 3248 non

183 3291 276 3348 minus
298 3290 337 3347 ob
359 3289 414 3348 alia
434 3307 525 3360 carus,
548 3306 636 3365 quam
657 3289 738 3364 quod
761 3289 921 3348 filiuserat.
974 3289 1053 3348 Huic
1072 3288 1119 3347 illa
1140 3290 1180 3346 ita
1193 3309 1224 3344 ιο

182 3387 269 3446 funus
284 3389 401 3463 paravit,
416 3387 456 3444 ita
473 3387 554 3444 duxit
573 3388 720 3462 exequias,
736 3397 766 3445 ut
786 3388 931 3462 ignoraret
945 3389 1082 3446 maritus:
1108 3388 1180 3462 quin

182 3485 284 3556 imme,
299 3487 433 3560 quotiens
455 3485 619 3543 cubiculum
640 3486 701 3544 eius
723 3486 848 3555 intraret,
869 3486 959 3544 vivere
982 3486 1071 3543 filium
1092 3497 1180 3561 atque

183 3585 270 3642 etiam
284 3584 516 3643 commodiorem
530 3602 594 3643 esse
613 3584 765 3642 simulabat
784 3601 818 3642 ac
840 3602 980 3660 persaepe
994 3585 1181 3660 interroganti
