2646 3914
179 176 337 226 LETTERS
361 179 404 226 oF
427 181 455 231 0.
469 179 617 227 PLINIUS
641 179 826 228 CAECILIUS
839 181 1036 233 SECUNDUS.
1078 187 1117 255 51

84 359 114 393 10
123 337 324 395 vocalissimus
339 337 441 414 aliquis
453 357 489 396 ex
504 339 583 415 ipsis,
600 341 648 416 qui
662 340 770 416 legeret
785 359 851 399 eum
865 342 993 417 populo:
1015 344 1123 406 factum

124 445 177 494 est.
235 436 324 494 Hanc
352 438 397 495 ille
425 439 491 510 vim,
520 457 572 497 seu
600 458 658 515 quo
688 440 744 497 alio
773 440 892 497 nomine
920 443 1052 502 vocanda
1080 456 1123 504 est

124 535 248 593 intentio
277 537 418 611 quidquid
445 538 514 596 velis
542 537 700 605 obtinendi,
729 538 752 594 si
780 536 817 594 ad
845 538 960 615 potiora
984 543 1122 615 vertisset,

124 644 266 708 quantum
280 637 352 695 boni
365 637 477 695 efficere
488 637 645 713 potuisset!
669 635 852 710 Quamquam
867 637 963 694 minor
975 639 1017 697 vis
1037 642 1123 702 bonis

123 750 213 808 quam
227 717 309 792 malls
324 736 406 807 inest,
422 756 455 794 ac
470 739 542 795 sicut
561 737 655 805 ἀμαθία
674 737 720 804 μὲν
741 736 843 808 θράσος,
858 738 984 807 λογισμὸς
1004 739 1032 793 δὲ
1050 739 1123 796 ὄκνον

84 831 207 904 15φέρει,
223 833 262 891 ita
280 843 359 892 recta
379 835 496 911 ingenia
518 835 644 894 debilitat
664 832 843 904 verecundia,
863 851 997 909 perversa
1018 839 1122 895 confir-

121 939 183 988 mat
205 931 333 991 audacia.
375 933 519 1011 Exemplo
541 944 585 994 est
607 932 746 1010 Regulus.
789 932 961 991 Inbecillum
982 935 1064 1007 latus,
1087 955 1122 996 os
1168 917 1172 930 ¹

122 1029 287 1104 confusum,
315 1032 461 1093 haesitans
491 1034 599 1111 lingua,
624 1033 787 1092 tardissima
818 1033 954 1103 inventio,
979 1037 1122 1095 memoria

121 1128 209 1199 nulla,
224 1130 295 1188 nihil
309 1131 434 1209 denique
448 1143 561 1209 praeter
575 1135 724 1209 ingenium
744 1132 896 1204 insanum;
924 1141 953 1190 et
971 1141 1069 1191 tamen
1083 1154 1119 1194 eo

121 1227 302 1303 impudentia
323 1231 446 1306 ipsoque
466 1232 514 1290 illo
534 1231 629 1290 furore
651 1232 788 1308 pervenit,
802 1240 834 1289 ut
855 1241 952 1289 orator
972 1231 1119 1292 habeatur.

82 1342 111 1376 20
121 1322 225 1401 Itaque
245 1327 413 1388 Herennius
437 1329 559 1389 Senecio
580 1332 698 1389 mirifice
714 1329 835 1390 Catonis
849 1330 926 1390 -illud
947 1331 983 1390 de
1005 1342 1119 1390 oratore

13 1491 19 1498 ⁶
121 1425 150 1481 in
175 1425 255 1484 hunc
279 1445 295 1485 e
321 1429 464 1487 contrario
488 1431 578 1502 vertit,
607 1436 721 1489 ‘orator
745 1439 788 1489 est
812 1430 854 1487 vir
881 1429 975 1488 malus
1004 1430 1119 1489 dicendi

120 1524 288 1600 imperitus!
340 1525 411 1585 Non
439 1527 603 1586 mehercule
632 1527 706 1587 Cato
736 1529 797 1605 ipse
825 1537 885 1585 tam
912 1530 988 1586 bene
1009 1527 1118 1586 ¹verum

118 1633 274 1696 oratorem,
290 1644 377 1701 quam
398 1626 444 1684 hic
466 1627 612 1704 Regulum
634 1628 783 1702 expressit.
825 1625 966 1684 Habesne
988 1644 1046 1703 quo
1068 1627 1117 1686 tali

118 1723 258 1798 epistulae
277 1743 377 1800 parem
396 1727 519 1802 gratiam
539 1726 665 1784 referas?
708 1724 818 1795 Habes,
834 1725 857 1783 si
872 1724 1026 1800 scripseris,
1044 1743 1116 1782 num

78 1839 106 1888 25
116 1821 220 1898 aliquis
245 1823 275 1879 in
300 1824 458 1899 municipio
482 1835 576 1884 vestro
601 1843 637 1883 ex
664 1823 809 1882 sodalibus
834 1823 914 1894 meis,
936 1841 1006 1880 num
1028 1823 1116 1881 etiam

116 1922 180 1996 ipse
199 1931 231 1979 tu
249 1921 327 1980 hunc
346 1921 510 1981 luctuosum
531 1921 635 1998 Reguli
656 1923 759 1980 librum
781 1932 812 1980 ut
833 1921 983 1980 circulator
1000 1923 1030 1979 in
1051 1921 1116 1981 foro

116 2019 229 2095 legeris,
251 2023 346 2094 ἐπάρας
368 2021 483 2093 scilicet,
511 2031 543 2079 ut
571 2022 609 2079 ait
636 2020 861 2090 Demosthenes,
883 2022 929 2091 τὴν
955 2023 1044 2094 φωνὴν
1074 2024 1115 2078 καὶ

115 2120 231 2192 γεγηθὼς
258 2122 298 2174 καὶ
325 2123 493 2194 λαρυγγίζων.
543 2119 597 2177 Est
624 2120 703 2177 enirn
731 2127 790 2177 tam
818 2119 949 2194 ineptus,
967 2127 998 2176 ut
1025 2120 1114 2178 risum

116 2217 211 2293 magis
240 2218 333 2294 possit
362 2219 521 2292 exprimere
551 2234 640 2294 quam
669 2217 824 2292 gemitum:
856 2215 957 2274 credas
986 2234 1047 2273 non
1077 2216 1114 2274 de

76 2330 107 2377 30
116 2334 206 2392 puero
222 2317 369 2394 scriptum,
385 2317 436 2376 sed
451 2335 468 2375 a
483 2333 583 2392 puer0.
624 2314 707 2372 Vale.

438 2563 489 2617 38.
535 2553 663 2629 (BOOK
685 2573 712 2625 4.
737 2549 794 2630 ιο.)

146 2687 184 2736 As
202 2701 217 2734 a
235 2703 292 2736 man
316 2687 345 2736 of
360 2688 457 2738 honour
477 2688 548 2751 Pliny
566 2693 655 2736 cannot
677 2685 781 2734 hesitate
804 2692 830 2734 to
848 2686 904 2749 give
924 2684 1053 2734 Modestus
1074 2687 1113 2736 his

112 2768 204 2834 liberty
226 2770 275 2818 and
297 2771 336 2820 his
359 2771 453 2834 legacy,
476 2771 572 2835 though
590 2769 701 2819 Sabina’s
721 2769 783 2817 wish
806 2775 832 2816 to
856 2768 910 2817 that
933 2767 1003 2817 effect
1025 2769 1046 2816 is
1068 2777 1113 2818 not

112 2852 241 2916 expressed
253 2853 277 2901 in
290 2859 364 2903 terms
376 2853 405 2902 ol
412 2854 478 2919 legal
489 2853 563 2903 force.

352 2992 375 3033 C·
399 2991 512 3031 PLINIUS
532 2991 636 3034 sTarlo
657 2990 758 3031 SABINO
779 2990 832 3031 SUO
853 2989 875 3030 S.

154 3107 262 3167 Scribis
277 3106 347 3164 mihi
368 3105 515 3175 Sabinam,
532 3123 606 3181 quae
627 3121 682 3162 nos
704 3102 816 3179 reliquit
836 3103 967 3174 heredes,
990 3101 1108 3159 Modes-

110 3218 171 3265 tum
187 3222 302 3264 servum
330 3222 415 3262 suurn
443 3220 586 3278 nusquam
617 3202 738 3259 liberum
767 3220 831 3260 esse
858 3201 984 3270 iussisse,
1012 3197 1107 3257 eidern

108 3317 207 3364 tamen
236 3305 276 3362 sic
305 3302 492 3379 adscripsisse
515 3300 650 3376 legatum,
680 3299 846 3371 ‘Modesto
871 3319 958 3376 quem
986 3297 1107 3355 liberum

108 3423 173 3464 esse
198 3402 285 3462 iussi!
337 3401 461 3474 Quaeris
489 3400 558 3478 quid
587 3401 718 3458 sentiam.
770 3399 886 3459 Contuli
916 3416 982 3456 cum
1009 3397 1108 3472 peritis

81 3503 197 3569 5iuris:
223 3501 360 3560 convenit
376 3501 449 3558 inter
468 3518 571 3558 omnes
588 3517 644 3556 nec
664 3499 823 3556 libertatem
843 3497 948 3566 deberi,
964 3495 1032 3570 quia
1046 3513 1107 3554 non

105 3603 143 3663 sit
169 3599 242 3676 data,
269 3618 324 3658 nec
349 3600 485 3676 legatum,
508 3598 575 3676 quia
600 3616 681 3656 servo
704 3615 757 3656 suo
783 3595 901 3654 dederit.
953 3593 1011 3652 Sed
1035 3593 1108 3652 mihi

574 3713 624 3755 ua
