2646 3914
424 159 445 205 A
471 158 667 207 SELEOTION
686 157 791 205 FROM
813 155 883 204 THE

485 384 537 438 45.
580 375 709 456 (BOOK
733 390 759 450 5.
784 373 822 454 a.)

205 510 261 573 Just
273 525 329 560 now
341 508 413 572 Pliny
424 523 469 556 can
481 508 540 557 send
553 507 699 572 Calpurnius
710 506 815 571 nothing
827 507 871 559 but
883 505 973 556 thanks
985 505 1009 554 in
1022 511 1103 554 retum

553 590 592 640 for
602 591 641 640 his
652 597 758 655 present.

358 729 382 768 C.
405 729 516 769 PLINIUS
536 727 698 769 anPURNlo
719 724 829 767 FLACCO
851 725 904 766 SUO
927 724 948 765 S.

196 841 530 922 Accepipulcherrimos
550 843 659 912 turdos,
677 860 744 899 cum
764 841 868 917 quibus
886 857 987 917 parem
1009 837 1153 897 calculum
1205 837 1208 852 '

155 957 265 1015 ponere
280 960 335 1003 nec
345 942 423 1000 urbis
438 941 531 1018 copiis
545 959 581 1002 ex
597 939 775 998 Laurentino
791 957 845 997 nec
861 938 947 996 maris
962 948 1021 994 tarn
1032 936 1152 994 turbidis

156 1040 374 1115 tempestatibus
398 1057 527 1115 possum.
579 1037 715 1115 Recipies
741 1055 811 1113 ergo
831 1035 967 1113 epistulas
992 1033 1100 1092 steriles
1124 1044 1153 1092 et

155 1136 321 1216 simpliciter
340 1139 466 1214 ingratas
488 1156 522 1196 ac
540 1156 578 1196 ne
599 1137 676 1199 illam
691 1135 810 1212 quidem
832 1134 986 1192 sollertiam
1000 1132 1152 1190 Diomedis

154 1234 185 1292 iu
209 1235 401 1312 permutando
424 1254 544 1294 munere
566 1236 719 1294 imitantes,
771 1233 828 1292 Sed
853 1252 928 1309 quae
950 1230 1071 1291 facilitas
1093 1241 1151 1302 tua,
1163 1254 1177 1303 5

155 1331 211 1391 hoc
239 1333 333 1412 magis
368 1334 449 1394 dabis
476 1335 599 1405 veniam,
628 1334 709 1410 quod
738 1352 768 1392 se
800 1351 860 1391 nou
889 1331 992 1390 mereri
1020 1330 1151 1388 fatentur.

155 1428 238 1489 Vale.

483 1555 535 1612 46.
578 1548 708 1630 (BOOK
730 1563 757 1624 5.
780 1547 839 1628 5.)'

188 1677 259 1741 Pliny
270 1677 291 1728 is
308 1694 377 1742 sorry
388 1686 415 1728 to
432 1679 484 1730 lose
495 1681 534 1730 his
549 1679 626 1730 friend
644 1681 863 1742 Fannius-sorry
880 1679 934 1728 that
950 1679 983 1726 he
996 1676 1052 1726 died
1068 1675 1153 1726 before

154 1761 185 1810 he
201 1761 275 1810 could
292 1762 354 1812 alter
368 1763 407 1811 his
422 1763 480 1823 will,
493 1765 538 1814 but
550 1763 600 1814 still
618 1780 685 1812 more
699 1779 767 1826 sorry
778 1763 833 1811 that
846 1762 878 1810 he
894 1761 939 1809 has
955 1760 998 1808 left
1014 1759 1152 1808 unfinished

153 1842 192 1890 his
208 1843 304 1907 history
315 1844 344 1892 of
356 1844 445 1895 Nero's
457 1846 561 1906 victims,
574 1863 589 1895 a
602 1847 776 1896 circumstance
787 1843 868 1892 which
882 1844 931 1892 had
945 1843 1007 1892 been
1023 1841 1151 1890 intimated

154 1930 180 1972 to
193 1925 300 1975 Fannius
310 1927 411 1978 himself
418 1931 451 1992 by
463 1945 479 1977 a
489 1937 587 1993 strange
599 1927 686 1977 vision.

410 2066 436 2110 c.
457 2067 570 2111 surinus
590 2067 679 2110 nomo
700 2039 815 2108 uaxruo
837 2065 891 2106 suo
912 2063 934 2105 s.

193 2178 365 2239 Nuntiatum
390 2181 459 2240 mihi
482 2190 526 2240 est
549 2181 582 2241 C.
604 2181 751 2244 Fannium
772 2179 939 2251 decessisse,
960 2178 1009 2254 qui
1034 2177 1151 2239 nuntius

152 2298 200 2338 me
228 2281 307 2356 gravi
335 2280 435 2341 dolore
464 2281 601 2353 confudit,
624 2281 749 2356 primum
775 2279 854 2356 quod
879 2279 972 2342 amavi
1001 2277 1151 2338 hominem

153 2380 316 2454 elegantem
338 2380 483 2452 disertum,
506 2382 610 2441 deinde
633 2380 713 2457 quod
735 2380 840 2440 iudicio
862 2379 922 2440 eius
945 2377 986 2435 uti
1009 2377 1150 2438 solebam.

56 2461 59 2470 Δ
152 2475 223 2534 Erat
246 2478 325 2535 enim
348 2485 449 2537 acutus
472 2490 579 2551 natura,
601 2498 656 2539 usu
678 2479 857 2548 exercitatus,
879 2477 995 2538 veritate
1020 2483 1151 2551 prompt-

153 2575 275 2634 issimus.
319 2576 410 2651 Angit
430 2595 478 2636 me
500 2596 585 2655 super
606 2578 659 2636 ista
682 2594 766 2636 casus
788 2577 895 2652 ipsius:
926 2575 1049 2634 decessit
1063 2575 1176 2642 veteris

152 2683 336 2746 testamento,
359 2677 456 2735 omisit
480 2696 555 2754 quos
583 2677 710 2736 maxime
737 2676 881 2752 diligebat,
906 2685 1078 2752 prosecutus
1107 2684 1151 2734 est

154 2775 258 2851 quibus
273 2775 411 2835 offensior
425 2785 493 2835 erat.
536 2776 594 2835 Sed
613 2776 670 2834 hoc
687 2785 845 2851 utcumque
864 2774 1020 2845 tolerabile,
1035 2773 1150 2850 gravius

151 2872 229 2944 illud,
257 2872 480 2949 pulcherrimum
513 2894 588 2952 opus
615 2875 804 2950 inperfectum
832 2875 954 2950 reliquit.
1010 2873 1150 2946 Quamvis

153 2973 232 3030 enim
259 2972 380 3046 agendis
408 2975 501 3032 causis
526 2975 748 3050 distringeretur,
772 2973 914 3033 scribebat
936 2983 1034 3032 tamen
1058 2973 1150 3032 exitus

153 3071 316 3129 occisorum
343 3079 391 3128 aut
419 3073 610 3150 relegatorum
639 3092 656 3130 a
684 3071 802 3132 Nerone
837 3082 865 3130 et
891 3073 949 3132 iam
977 3082 1034 3131 tres
1062 3073 1149 3136 libros
1161 3101 1193 3137 10

152 3170 320 3240 absolverat,
342 3170 461 3230 subtiles
485 3182 514 3230 et
535 3173 686 3250 diligentes
710 3181 739 3230 et
759 3172 863 3232 latinos
885 3181 971 3248 atque
995 3173 1069 3233 inter
1092 3190 1149 3230 ser-

152 3286 272 3327 monem
312 3269 518 3348 historiamque
553 3273 672 3343 medios,
708 3290 742 3332 ae
778 3280 860 3330 tanto
894 3271 987 3347 magis
1022 3271 1149 3347 reliquos

152 3368 290 3443 perficere
333 3370 475 3446 cupiebat,
511 3379 619 3446 quanto
657 3371 834 3447 frequentius
872 3370 902 3432 hi
939 3370 1147 3431 lectitabantur.

153 3465 227 3523 Mihi
261 3476 357 3526 autem
392 3469 503 3528 videtur
537 3471 642 3530 acerba
676 3489 790 3548 semper
824 3479 853 3532 et
892 3471 1035 3530 inmatura
1069 3487 1149 3528 mors

152 3583 254 3624 eorum
281 3567 332 3642 qui
359 3568 521 3628 immortale
546 3568 653 3645 aliquid
677 3580 788 3645 parant.
838 3567 917 3627 Nam
946 3570 995 3645 qui
1020 3568 1191 3644 voluptatis
