2646 3914
156 140 199 221 64
425 154 446 201 A
472 155 670 204 surnorrorv
689 153 791 203 raon
814 151 883 201 rrrr

156 313 274 373 doloris.
330 311 358 372 Ο
390 313 468 372 triste
497 313 585 390 plane
615 316 811 390 acerbumque
841 313 945 372 funus!
998 311 1026 371 O
1061 317 1155 368 morte

157 413 221 488 ipsa
243 411 344 470 mortis
366 420 481 489 tempus
502 415 663 491 indignius!
707 414 771 472 lam
793 413 935 472 destinata
955 421 1016 469 erat
1036 409 1155 485 egregio

157 511 261 583 iuveni,
283 513 342 571 iam
364 514 472 574 electus
494 515 659 591 nuptiarum
681 512 750 584 dies,
764 512 823 570 iam
844 529 899 570 nos
920 509 1022 569 vocati.
1066 505 1157 579 Quod

158 611 298 684 gaudium
327 632 386 690 quo
408 633 539 673 maerore
569 623 711 672 mutatum
736 613 796 669 esti
852 609 924 668 Non
948 625 1070 685 possum
1105 623 1155 662 ex·
1169 624 1199 658 20

159 709 283 783 primere
317 714 419 784 verbis,
449 721 590 789 quantum
624 712 723 770 animo
751 710 855 768 vulnus
871 707 1057 784 ,acceperim
1088 721 1157 762 cum

159 809 255 867 audivi
275 810 450 870 Fundanum
472 814 576 887 ipsum,
597 819 629 868 ut
652 809 743 868 multa
767 809 898 866 luctuosa
928 805 1011 864 dolor
1039 803 1157 871 invenit,

161 909 393 986 praecipientem,
413 887 506 986 ¹quod
536 911 566 967 in
596 919 690 966 vestes
721 907 881 982 margarita·
903 921 1037 982 gemmas
1066 901 1159 959 fuerat

162 1016 340 1083 erogaturus,
355 1008 412 1067 hoc
434 1009 464 1065 in
486 1019 531 1067 tus
553 1019 581 1067 et
601 1015 751 1082 unguenta
772 1015 802 1063 et
824 1005 930 1062 odores
944 1002 1156 1079 inpenderetur.

161 1103 214 1165 Est
239 1107 357 1183 quidem
385 1106 433 1165 ille
456 1107 583 1166 eruditus
610 1118 639 1165 et
662 1106 787 1183 sapiens,
809 1113 840 1162 ut
861 1104 910 1179 qui
931 1121 963 1161 se
983 1103 1021 1160 ab
1042 1101 1201 1164 ineunte25

161 1213 255 1263 aetate
283 1205 430 1264 altioribus
459 1205 560 1264 studiis
594 1205 759 1281 artibusque
794 1202 954 1262 dediderit:
996 1201 1048 1258 sed
1079 1211 1159 1256 nunc

164 1303 264 1361 omnia
284 1322 359 1379 quae
380 1304 471 1364 audiit
491 1321 588 1380 saepe,
603 1321 678 1380 quae
694 1304 765 1361 dixit
784 1311 953 1378 aspernatur
974 1297 1160 1376 expulsisque

164 1402 314 1460 virtutibus
329 1403 394 1461 aliis·
405 1404 519 1479 pietatis
534 1413 577 1462 est
592 1413 678 1462 totus.
720 1402 870 1479 ignosces,
881 1400 1011 1459 laudabis
1026 1398 1121 1468 etiam,
1137 1395 1162 1454 si

165 1501 336 1577 cogitaveris
349 1501 420 1577 quid
434 1503 566 1561 amiserit
603 1502 709 1560 Amisit
719 1501 796 1559 enim
808 1499 896 1557 filiam
907 1516 982 1574 quae
993 1515 1054 1555 non
1064 1497 1161 1552 minus

165 1618 261 1658 mores
283 1600 344 1658 eius
366 1617 455 1676 quam
477 1619 511 1660 os
530 1600 699 1677 voltumque
716 1599 857 1659 referebat
878 1607 1029 1673 totumque
1050 1603 1163 1671 patrem
1174 1607 1206 1655 30

166 1700 239 1758 mira
263 1699 447 1759 similitudine
470 1701 669 1778 exscripserat.
710 1697 837 1756 Proinde
857 1697 956 1772 siquas
976 1693 1014 1752 ad
1035 1711 1102 1751 eum
1127 1691 1164 1749 de

167 1797 267 1858 dolore
283 1810 343 1858 tam
357 1800 433 1858 iusto
447 1799 555 1858 litteras
575 1800 678 1869 mittes,
694 1806 842 1856 memento
862 1795 1000 1856 adhibere
1015 1794 1164 1867 solacium,

168 1916 229 1956 non
240 1898 322 1974 quasi
333 1899 547 1974 castigatorium
558 1909 587 1956 et
598 1899 684 1956 nimis
696 1896 778 1968 forte,
790 1896 842 1954 sed
853 1895 940 1953 molle
954 1899 986 1952 et
995 1893 1165 1953 humanum.

170 1995 260 2068 Quod
287 2005 318 2054 ut
346 1995 457 2054 facilius
485 1994 617 2054 admittat
651 1995 773 2052 multum
800 1993 883 2051 faciet
910 1991 998 2050 medii
1026 1990 1166 2066 temporis

169 2093 303 2170 spatium.
345 2091 387 2151 Ut
401 2094 480 2151 enim
495 2093 617 2151 crudum
637 2092 731 2151 adhue
747 2091 848 2151 vulnus
867 2090 1046 2150 medentium
1060 2106 1166 2147 manus
1177 2096 1208 2146 35

168 2192 343 2264 reformidat,
369 2192 474 2251 deinde
499 2192 604 2269 patitur
629 2201 715 2269 atque
742 2191 818 2250 ultro
842 2189 968 2268 requirit,
994 2189 1035 2247 sie
1064 2203 1167 2246 recens
1194 2259 1198 2268 Ι

170 2291 259 2350 animi
273 2291 357 2350 dolor
372 2291 587 2351 consolationes
606 2291 687 2349 reicit
707 2309 741 2348 ac
763 2289 877 2366 refugit,
890 2306 962 2346 mox
981 2287 1125 2346 desiderat
1138 2294 1168 2344 et

171 2389 326 2449 clementer
341 2390 465 2450 admotis
479 2391 647 2468 adquiescit.
688 2388 770 2446 Vale.

489 2573 543 2626 50.
587 2565 716 2646 (BOOK
738 2581 765 2642 5.
790 2566 849 2645 19.)

206 2679 278 2743 Pliny
289 2679 347 2729 asks
359 2680 476 2729 Paulinus
488 2686 515 2728 to
527 2679 602 2729 allow
614 2679 656 2728 the
667 2697 709 2729 use
721 2679 749 2729 of
759 2681 797 2729 his
808 2680 867 2730 villa
878 2688 904 2730 at
916 2681 1009 2729 Forum
1019 2678 1081 2744 Julii
1092 2684 1118 2728 to
1130 2676 1169 2726 his

307 2763 431 2812 freedman
445 2763 566 2822 Zosimus,
578 2763 635 2812 who
648 2763 669 2811 is
677 2763 756 2828 going
767 2765 834 2813 there
846 2764 883 2812 for
894 2764 933 2812 his
945 2763 1037 2814 healrh.

462 2884 487 2924 C·
511 2883 623 2924 PLINIUS
643 2883 769 2924 PAULINO
789 2884 843 2924 SUO
863 2884 886 2925 S.

215 2980 311 3039 Video
326 2997 414 3058 quam
431 2982 554 3041 molliter
572 2990 640 3040 tuos
659 2981 774 3053 habeas,
791 2999 850 3058 quo
865 2981 1023 3058 simplicius
1037 2981 1088 3038 tibi
1101 2995 1172 3038 eon-

174 3083 277 3141 litebor
298 3099 356 3158 qua
376 3081 553 3158 indulgentia
570 3099 652 3139 meos
674 3090 801 3139 tractem.
843 3081 897 3139 Est
917 3080 988 3138 mihi
1007 3097 1123 3155 semper
1141 3079 1173 3136 in

175 3182 274 3240 animo
290 3190 319 3238 et
334 3179 526 3239 Homericum
545 3181 615 3239 illud
632 3182 715 3254 πατὴρ
735 3181 805 3239 dds
823 3186 897 3253 ἤπιος
915 3181 958 3250 ἦεν
980 3188 1008 3238 et
1026 3179 1084 3237 hoc
1104 3195 1173 3236 nos·

175 3289 252 3336 trum
276 3283 376 3356 ‘pater
397 3277 540 3338 familiae!
584 3279 674 3350 Quod
699 3280 722 3338 si
747 3297 842 3338 essem
865 3288 967 3338 natura
992 3277 1121 3354 asperior
1146 3285 1176 3334 et

160 3377 283 3450 durior,
298 3378 442 3456 frangeret
462 3397 509 3436 me
529 3388 627 3435 tamen
647 3377 797 3437 infirmitas
816 3377 908 3436 liberti
922 3377 979 3435 mei
995 3376 1112 3446 Zosimi,
1127 3375 1199 3441 cuis

179 3485 259 3534 tanto
274 3478 366 3538 maior
380 3478 544 3537 humanitas
558 3477 724 3536 exhibenda
739 3487 790 3548 est,
806 3485 916 3552 quanto
928 3494 1006 3533 nunc
1020 3475 1068 3532 illa
1081 3474 1176 3549 magis

180 3584 254 3650 eget.
296 3575 398 3636 Homo
413 3579 522 3655 probus
537 3576 683 3636 officiosus
697 3576 852 3646 litteratus;
878 3583 907 3632 et
921 3591 967 3631 ars
981 3572 1100 3649 quidem
1115 3571 1177 3629 eius
1246 3598 1248 3602 ·
