2646 3914
186 125 227 205 84
445 136 477 184 a
502 133 699 185 sarncrron
717 133 822 182 raon
843 131 913 181 rna

183 319 219 359 eo
246 298 342 374 magis
365 297 443 356 hanc
476 296 563 371 cupio
592 295 706 365 servari,
734 304 766 352 ut
792 293 866 351 mihi
894 290 1025 351 solvendi
1053 298 1190 364 tempora

182 398 335 474 supersint.
377 396 414 454 ln
435 395 480 452 his
501 412 581 452 eram
603 394 687 464 curis,
710 411 779 451 cum
799 393 956 452 scriberem
977 390 1015 449 ad
1036 400 1082 461 te;
1113 407 1189 464 quas
1201 404 1234 451 4⁰

126 555 128 559 .
183 499 207 557 si
236 497 308 555 deus
332 494 435 569 aliquis
459 495 490 552 in
514 493 654 570 gaudium
675 492 796 563 verterit,
823 492 860 550 de
881 501 962 550 metu
987 507 1050 548 non
1074 505 1189 566 querar.

183 594 266 654 Vale.
330 616 333 621 ·

503 823 557 875 68.
601 813 730 893 (BOOK
754 827 780 888 7.
805 811 864 892 27·)

216 969 295 1032 Pliny,
312 967 390 1017 under
407 981 479 1014 cover
496 964 525 1013 of
537 964 662 1028 inquiring
678 960 761 1012 Sura's
777 961 878 1025 opinion
894 959 972 1008 about
988 958 1082 1021 ghosts,
1097 954 1189 1004 relates

182 1065 347 1117 appearances
369 1065 425 1098 seen
446 1049 481 1110 by
498 1046 598 1096 Curtius
614 1046 701 1104 Rufus,
713 1044 896 1100 Athenodorus,
913 1042 961 1091 and
981 1056 1029 1089 one
1045 1039 1075 1088 of
1093 1035 1188 1100 Pliny's

181 1151 239 1184 own
251 1134 338 1183 slaves.
1220 1157 1230 1186 ,

489 1267 514 1308 C·
536 1266 648 1306 PLINIUS
668 1264 762 1305 SURAE
786 1263 839 1305 SUO
860 1263 882 1304 S.

224 1383 263 1441 Et
275 1381 346 1440 rnihi
361 1380 490 1440 discendi
504 1390 533 1439 et
551 1380 603 1438 tibi
622 1378 748 1438 docendi
764 1377 929 1436 facultatem
949 1376 1041 1434 otium
1055 1373 1186 1450 praebet.

184 1482 276 1558 Igitur
304 1498 445 1556 perquam
472 1479 558 1537 velim
586 1479 666 1549 scire,
696 1496 759 1538 esse
787 1477 992 1554 phantasmata
1021 1482 1049 1532 et
1076 1472 1189 1530 habere

184 1580 333 1658 propriam
361 1579 482 1655 figuram
506 1596 674 1654 numenque
702 1576 820 1654 aliquod
844 1585 936 1652 puteS,
965 1591 1004 1631 an
1032 1570 1129 1629 inania
1158 1578 1188 1628 et

185 1698 260 1739 vana
284 1698 321 1738 ex
350 1689 429 1736 metu
456 1687 557 1736 nostro
585 1677 744 1753 imaginem
772 1675 911 1751 accipere.
962 1673 1029 1748 Ego
1056 1679 1090 1727 ut
1121 1686 1188 1727 esse
1310 1615 1311 1696 l

186 1778 303 1838 credam
331 1777 362 1835 in
389 1776 488 1854 primis
511 1793 548 1834 eo
576 1775 674 1847 ducor,
701 1775 780 1852 quod
805 1773 892 1832 audio
918 1771 1058 1830 accidisse
1083 1766 1216 1832 Curtios

187 1877 274 1935 Ruf.
317 1874 429 1934 Tenuis
448 1873 542 1931 adhuc
561 1883 590 1931 et
610 1874 751 1933 obscurus
772 1871 915 1931 obtinenti
932 1868 1063 1928 Africam
1083 1884 1188 1925 comes
1310 1871 1311 1904 l

187 1975 336 2032 haeserat:
364 1971 501 2030 inclinato
526 1970 573 2029 die
596 1972 772 2048 spatiabatur
796 1971 826 2028 in
851 1970 981 2046 porticu:
1014 1966 1136 2026 offertur
1160 1965 1189 2023 ei

188 2072 314 2132 mulieris
342 2070 435 2145 figura
461 2069 590 2129 humana
617 2069 755 2146 grandior
781 2069 1002 2147 pulchriorque:
1034 2065 1189 2143 perterrito

188 2171 318 2230 Africam
343 2187 386 2241 se,
410 2168 573 2228 futurorum
606 2160 817 2245 praenuntiam,
846 2169 937 2242 dixit;
972 2167 1079 2226 iturum
1106 2164 1188 2223 enirn

189 2271 319 2330 Romam
346 2269 530 2345 honoresque
557 2278 708 2345 gesturum
735 2279 822 2346 atque
853 2268 940 2326 etiarn
968 2284 1036 2327 cum
1070 2283 1187 2324 summo
1205 2283 1236 2318 10
1299 2253 1311 2310 ·¹

189 2369 313 2445 imperio
342 2368 373 2424 in
404 2367 529 2426 eandem
557 2368 736 2444 provinciam
763 2386 944 2428 reversurum
971 2361 1069 2442 ibique
1097 2364 1187 2423 mori-

191 2476 295 2524 turum.
330 2464 421 2523 Facta
435 2475 502 2523 sunt
516 2461 622 2524 omnia.
657 2466 810 2525 Praeterea
820 2465 970 2526 accedenti
981 2462 1189 2538 Carthaginem

192 2563 408 2640 egredientique
423 2581 495 2621 nave
510 2564 612 2622 eadem
626 2564 717 2640 figura
730 2566 761 2622 in
777 2565 860 2623 litore
874 2563 1034 2623 occurrisse
1048 2569 1189 2618 narratur.

192 2664 261 2738 Ipse
297 2672 372 2721 certe
407 2662 552 2740 inplicitus
589 2663 703 2733 morbo,
737 2661 832 2720 sutura
865 2661 1032 2738 praeteritis,
1067 2658 1190 2717 adversa

192 2761 330 2823 secundis
354 2769 519 2842 auguratus,
541 2779 624 2836 spem
647 2760 745 2819 salutis
768 2759 849 2819 nullo
873 2778 993 2818 suorum
1016 2758 1189 2834 desperante
1206 2774 1236 2825 15

193 2859 323 2936 proiecit.
364 2858 428 2917 lam
446 2859 516 2918 illud
535 2877 633 2918 nonne
653 2867 682 2916 et
701 2859 794 2934 magis
815 2858 939 2918 terribile
960 2867 990 2916 et
1006 2875 1069 2916 non
1091 2857 1189 2914 minus
1292 2909 1298 2928 ,

192 2959 301 3018 mirum
315 2967 367 3029 est,
383 2959 464 3034 quod
478 2977 625 3036 exponam
639 2967 671 3017 ut
685 2958 804 3034 accepi?
838 2957 910 3017 Erat
921 2957 1048 3017 ‘Athenis
1063 2958 1192 3032 spatiosa

195 3070 224 3120 et
249 3075 343 3134 capax
365 3056 480 3128 domus,
504 3058 554 3116 sed
579 3057 695 3116 infamis
716 3067 744 3116 et
768 3058 914 3134 pestilens.
965 3057 1192 3116 Per.silentium

191 3159 291 3218 noctis
305 3174 397 3215 sonus
407 3155 473 3215 ferri
484 3165 522 3227 et,
535 3158 558 3215 si
573 3156 735 3216 attenderes
746 3157 849 3228 acrius
861 3156 997 3234 strepitus
1010 3157 1192 3216 vinculorum

195 3257 312 3333 longius
325 3254 430 3331 prim0,
442 3254 547 3314 deinde
561 3274 578 3314 e
591 3256 726 3332 proximo
740 3256 927 3315 reddebatur:
949 3273 1020 3314 mox
1035 3257 1193 3332 apparebat
1207 3275 1238 3312 ao

196 3356 307 3425 idolon,
324 3372 415 3413 senex
432 3355 526 3413 macie
545 3364 573 3413 et
592 3357 727 3433 squalore
746 3355 905 3428 conlectus,
927 3357 1072 3432 promissa
1093 3356 1193 3427 barba,

196 3453 324 3513 horrenti
348 3454 472 3532 capillo:
504 3455 632 3514 cruribus
657 3456 822 3532 compedes,
846 3455 982 3514 manibus
1004 3465 1121 3514 catenas
1143 3471 1195 3531 ge·

190 3553 280 3613 rebat
306 3556 519 3636 quatiebatque.
572 3555 647 3616 Inde
677 3555 902 3616 inhabitantibus
931 3554 1027 3615 tristes
1058 3553 1196 3631 diraeque
