2662 3914
184 191 344 250 LETTERS
368 202 411 250 OF
434 203 463 252 0.
480 202 627 253 PLINIUS
649 202 835 254 CAECILIUS
855 201 1046 252 SECUNDUS.
1094 200 1154 267 107

148 357 240 417 missa
254 370 298 419 est
312 337 454 439 Bithynia
496 361 534 422 Et
545 363 613 422 ideo
623 382 679 422 nec
690 363 885 422 adsertionem
898 361 1103 439 denegandam
1116 360 1152 418 iis

148 457 201 532 qui
225 476 263 517 ex
287 461 349 519 eius
373 461 453 520 modi
478 479 566 522 cansa
589 463 620 519 in
647 463 807 522 libertatem
834 463 1054 522 vindicabuntur
1081 467 1152 536 puto

103 576 135 611 10
149 573 246 632 neque
261 557 354 634 ipsam
369 559 528 619 libertatem
543 560 744 621 redimendam
757 562 849 639 pretio
864 563 1076 621 alimentorum.

500 789 554 842 nn.
598 780 805 864 (TRA1.74.)

178 918 250 983 Pliny
262 921 333 970 sends
345 928 371 970 to
383 921 474 985 Trajan
485 938 532 972 one
544 921 711 972 Callidromus
721 922 778 972 who
790 922 841 972 had
852 921 956 987 escaped
967 927 994 971 to
1006 919 1123 983 Bithynia

253 1029 255 1033 ·
348 1003 412 1053 after
422 1021 438 1053 a
448 1003 511 1068 long
522 1004 617 1068 slavery
627 1005 653 1054 in
664 1005 708 1055 the
719 1012 790 1054 court
800 1003 830 1053 of
839 1005 948 1056 Parthia.

389 1150 416 1190 C.
437 1149 551 1192 PLINIUS
570 1150 701 1192 TRAIANO
724 1150 913 1192 IMPERATORI-

191 1269 364 1347 Appuleius,
379 1272 505 1344 domine,
520 1273 613 1343 miles,
627 1272 678 1348 qui
692 1282 735 1331 est
748 1273 779 1330 in
793 1273 916 1330 statione
930 1269 1150 1339 Nicomedensi,

150 1369 265 1444 scripsit
280 1369 350 1426 mihi
365 1371 512 1447 quendam
530 1371 650 1428 nomine
665 1370 882 1443 Callidromum,
897 1390 964 1430 cum
979 1371 1152 1429 detineretur

150 1485 168 1524 a
189 1466 322 1526 Maximo
341 1477 370 1526 et
388 1467 532 1545 Dionysio
551 1469 716 1545 pistoribus,
731 1469 837 1545 quibus
857 1487 962 1545 operas
984 1487 1052 1527 suas
1072 1467 1160 1525 loca-'

149 1575 236 1638 verat,
251 1567 417 1643 confugisse
431 1567 470 1626 ad
489 1578 570 1626 tuam
591 1577 715 1626 statuam
736 1568 966 1646 perductumque
987 1567 1025 1626 ad
1043 1567 1151 1642 magis-

120 1675 240 1725 5tratus
254 1665 398 1724 indicasse
413 1666 533 1726 servisse
552 1666 709 1743 aliquando
728 1666 853 1727 Laberio
872 1666 1005 1725 Maximo
1019 1676 1152 1742 captum·

150 1781 208 1839 que
237 1782 254 1822 a
283 1763 398 1840 Susago
421 1765 452 1822 in
475 1765 590 1824 Moesia
617 1775 646 1823 et
674 1784 692 1823 a
718 1765 860 1824 Decibalo
888 1763 1001 1823 muneri
1028 1765 1150 1821 missum

150 1863 272 1937 Pacoro,
293 1863 425 1924 Parthiae
447 1865 516 1940 regi,
538 1865 724 1942 pluribusque
745 1864 830 1923 annis
854 1865 885 1922 in
909 1862 1066 1922 ministerio
1089 1862 1151 1921 eius

149 1962 247 2034 fuisse,
270 1963 375 2022 deinde
396 1963 504 2040 fugisse
526 1973 613 2040 atque
633 1963 672 2022 ita
692 1964 723 2020 in
747 1962 953 2022 Nicomediam
977 1963 1151 2039 pervenisse.

151 2060 249 2132 Quem
264 2079 320 2138 ego
335 2062 507 2139 perductum
526 2062 564 2121 ad
583 2081 640 2132 me,
655 2080 723 2120 cum
744 2062 847 2121 eadem
869 2071 1021 2133 narrasset,
1035 2061 1151 2119 mitten·

105 2176 137 2211 10
150 2160 221 2218 dum
250 2161 287 2219 ad
311 2170 340 2219 te
363 2161 476 2236 putavi;
506 2160 587 2236 quod
609 2161 698 2236 paulo
721 2161 830 2219 tardius
854 2161 918 2231 feci,
942 2161 1012 2218 dum
1035 2159 1151 2235 requiro

150 2277 308 2334 gemmam,
329 2277 417 2335 quam
439 2258 493 2317 sibi
514 2258 672 2316 habentem
692 2259 851 2334 imaginem
872 2258 975 2317 Pacori
995 2267 1024 2317 et
1045 2257 1151 2333 quibus

149 2368 270 2416 ornatus
284 2357 385 2414 fuisset
399 2357 576 2415 subtractam
591 2356 745 2414 indicabat.
787 2355 874 2413 Volui
888 2356 967 2412 enim
986 2354 1062 2413 hanc
1077 2371 1150 2430 quo-

150 2473 217 2531 que,
232 2455 256 2513 si
275 2455 396 2513 inveniri
414 2455 565 2530 potuisset,
582 2454 667 2512 simul
685 2453 806 2525 mittere,
823 2454 895 2513 sicut
911 2453 1058 2530 glebulam
1075 2453 1150 2524 misi,

150 2573 240 2631 quam
268 2572 300 2613 se
328 2573 364 2612 ex
392 2553 527 2613 Parthico
555 2553 672 2612 metallo
700 2554 828 2612 attulisse
855 2553 977 2612 dicebat.
1005 2595 1008 2602 .
1031 2551 1151 2630 Signata

105 2673 136 2724 15
150 2663 194 2711 est
209 2653 296 2712 anulo
310 2669 388 2722 meo,
404 2653 485 2711 cuius
500 2660 544 2710 est
557 2653 799 2729 aposphragisma
813 2651 962 2729 quadriga.

495 2880 549 2934 oo.
594 2871 716 2952 (Tam.
740 2870 801 2950 9⁶.)

183 3013 254 3077 Pliny
266 3013 323 3063 asks
339 3013 397 3062 how
413 3014 444 3062 he
461 3014 541 3077 ought
552 3019 579 3063 to
595 3012 652 3061 deal
669 3011 729 3060 with
747 3011 789 3060 the
806 3010 952 3067 Christians¹
969 3011 1091 3060 describes
1108 3009 1151 3058 the

149 3096 251 3145 method
259 3097 342 3145 which
353 3096 384 3146 he
395 3096 440 3144 has
451 3096 559 3145 hitherto
571 3094 694 3150 followed,
706 3092 795 3142 relates
805 3094 873 3142 what
882 3093 915 3143 he
926 3094 971 3142 has
982 3095 1043 3143 been
1054 3092 1111 3141 able
1122 3099 1149 3139 to

110 3241 111 3244 Ἴ
149 3179 217 3227 leam
232 3178 261 3228 of
274 3179 337 3228 their
350 3179 392 3228 life
409 3179 458 3227 and
474 3179 643 3233 observances,
654 3176 703 3225 and
719 3175 781 3224 adds
798 3175 860 3234 that,
872 3176 968 3240 though
985 3174 1027 3223 the
1043 3174 1092 3224 evil
1105 3174 1152 3222 has

151 3261 240 3326 spread
252 3262 357 3326 rapidly,
368 3263 388 3310 it
399 3279 456 3325 may
467 3262 507 3318 be,
517 3259 568 3310 end
578 3261 599 3310 is
610 3261 691 3323 being.
703 3259 820 3309 checked.

314 3355 373 3462 ,A
394 3409 419 3450 C.
441 3405 554 3448 PLINIUS
575 3407 702 3446 TRAIANO
722 3406 911 3447 IMPERATORI.

191 3530 339 3590 Sollemne
353 3540 396 3589 est
409 3530 489 3600 mihi,
505 3529 632 3601 domine,
646 3530 746 3588 omnia
765 3529 802 3588 de
823 3530 928 3605 quibus
949 3527 1049 3588 dubito
1069 3529 1109 3588 ad
1122 3539 1151 3588 te

148 3629 264 3688 referre.
307 3628 381 3702 Quis
403 3630 483 3688 enim
505 3638 601 3707 potest
624 3628 728 3688 melius
748 3628 794 3687 vel
816 3629 1031 3687 cunctationem
1053 3645 1151 3686 meam
