2646 3914
177 161 338 210 LETTERS
361 163 405 210 OF
427 163 456 212 U.
472 162 616 210 PLINIUS
638 161 825 210 CAECILIUS
846 162 1036 212 SECUNDUS.
1084 165 1121 230 71

129 323 194 380 eius
215 321 322 392 videre,
345 330 372 379 et
393 320 498 379 vidisse
519 319 668 395 paenituit.
710 320 764 379 Est
784 322 863 379 enim
877 322 973 380 adhuc
987 320 1130 396 inperfec-

129 431 203 491 tum,
219 439 273 478 nec
288 419 440 478 difficultas
454 419 552 494 operis
571 419 601 474 in
620 436 709 478 causa
729 419 838 478 modici
859 439 892 478 ac
913 419 1010 496 potius
1025 419 1129 495 exigui,

130 518 185 576 sed
199 519 301 576 inertia
315 519 376 576 eius
391 517 438 576 cui
457 535 526 576 cura
544 517 683 575 mandata
696 527 749 574 est.
792 517 875 576 Subit
888 518 1048 594 indignatio
1064 535 1132 574 cum

89 637 121 670 10
131 618 326 687 miseratione,
347 626 416 692 post
437 616 583 674 decimum
604 616 704 674 mortis
726 633 836 674 annum
857 617 991 693 reliquias
1016 616 1132 690 neglec-

130 727 253 792 tumque
276 716 405 774 cinerem
426 715 488 773 sine
509 713 599 784 titulo,
620 714 681 772 sine
703 715 824 774 nomine
845 716 947 787 iacere,
969 719 1052 776 cuius
1072 734 1134 774 me-

132 817 226 874 moria
240 817 343 873 orbem
357 824 497 873 terrarum
511 812 603 888 gloria
618 823 796 889 pervagetur.
837 816 877 874 At
891 815 937 872 ille
947 816 1143 874 mandaverat·

131 919 309 989 caveratque'
330 925 362 971 ut
387 912 515 970 divinum
542 909 612 969 illud
640 922 670 969 et
691 913 844 971 inmortale
871 913 980 972 factum
1004 913 1133 972 versibus

131 1013 346 1081 inscriberetur,

93 1127 122 1174 Ῑ5
217 1110 276 1169 Hic
299 1112 368 1169 situs
390 1122 433 1169 est
454 1111 557 1183 Rufus,
580 1112 665 1188 pulso
686 1112 736 1188 qui
757 1111 881 1169 Vindice
903 1111 1052 1188 quondam

299 1210 458 1285 Imperium
480 1210 607 1270 adseruit
626 1229 687 1269 non
709 1210 763 1268 sibi
784 1211 837 1268 sed
857 1212 973 1287 patriae.

135 1308 215 1366 Tam
229 1326 294 1366 rara
307 1309 338 1366 in
352 1309 485 1366 amicitiis
500 1309 581 1380 fides,
597 1319 656 1368 tam
670 1319 770 1385 parata
784 1309 890 1367 oblivio
904 1319 1092 1378 mortuorum,
1103 1317 1136 1365 ut

134 1408 192 1484 ipsi
221 1407 307 1465 nobis
335 1407 495 1466 debeamus
522 1408 611 1466 etiarn
639 1408 801 1467 conditoria
825 1418 955 1466 extruere
980 1408 1135 1482 omniaque

135 1505 278 1564 heredum
299 1505 395 1564 officia
417 1524 609 1582 praesumere.
653 1506 733 1564 Nam
756 1506 803 1564 cui
827 1524 889 1563 non
914 1515 958 1563 est
978 1506 1136 1564 verendum

96 1632 127 1664 κο
136 1605 219 1681 quod
230 1604 360 1663 videmus
375 1605 515 1664 accidisse
529 1605 691 1681 Verginio?
723 1603 815 1663 Cuius
825 1605 958 1662 iniuriam
972 1615 1003 1662 ut
1013 1605 1136 1680 indigni-

136 1721 220 1762 orem
234 1705 275 1762 sic
290 1704 377 1762 etiarn
392 1705 537 1764 notiorem
550 1705 641 1779 ipsius
656 1703 767 1762 claritas
781 1703 856 1762 facit.
898 1703 979 1762 Vale.

468 1894 521 1946 ra.
564 1885 692 1966 (soor
714 1890 741 1946 r.
760 1884 819 1966 15.)

164 2001 236 2064 Pliny
248 2001 337 2051 relates
348 2000 390 2050 the
402 2001 558 2052 unfortunate
570 2002 734 2065 interruption
746 2001 775 2051 of
783 1999 882 2052 Paulns'
895 2001 1024 2051 recitation
1036 2001 1069 2064 by
1080 2016 1113 2050 au

541 2085 676 2134 audacioris
685 2084 739 2148 jest.

436 2205 460 2244 C.
476 2205 588 2246 PLINIUS
608 2204 729 2246 Romano
750 2205 804 2246 SUO
824 2205 845 2246 S.

181 2303 322 2360 Mirificae
350 2303 391 2360 rei
416 2319 477 2358 non
501 2300 671 2360 interfuisti:
703 2319 740 2358 ne
766 2319 823 2377 ego
848 2303 985 2378 quidem;
1018 2301 1069 2359 sed
1090 2318 1138 2358 me

139 2419 242 2459 recens
256 2401 353 2458 fabula
374 2401 497 2476 excepit.
539 2397 705 2457 Passennus
725 2399 840 2471 Paulus,
861 2399 1030 2475 splendidus
1049 2416 1138 2474 eques

140 2499 295 2557 Romanus
310 2508 338 2556 et
357 2499 387 2555 in
408 2499 509 2574 primis
529 2497 666 2569 eruditus
682 2500 779 2558 scribit
801 2498 907 2574 elegos.
953 2497 1139 2557 Gentilicium

140 2598 197 2655 hoc
225 2596 283 2655 illi:
318 2606 363 2654 est
394 2597 472 2654 enim
500 2597 652 2673 municeps
681 2596 813 2674 Properti
841 2607 927 2674 atque
956 2598 1042 2655 etiam
1066 2597 1139 2655 inter

117 2696 264 2766 5maiores
293 2712 362 2752 suos
387 2694 569 2770 Propertium
597 2707 736 2755 numerat.
787 2696 818 2755 Is
842 2715 908 2755 cum
935 2697 1074 2767 recitaret,
1100 2695 1138 2752 ita

140 2794 237 2869 coepit
261 2793 365 2863 dicere,
392 2793 516 2864 ‘Prisce,
542 2795 641 2852 iubes!
692 2794 741 2853 Ad
765 2795 823 2853 hoc
848 2794 1002 2853 Iavolenus
1024 2793 1138 2852 Priscus

140 2892 254 2972 (aderat
272 2895 360 2965 enirn,
375 2904 407 2952 ut
426 2895 516 2952 Paulo
539 2894 741 2974 amicissimus)
764 2900 839 2971 ‘ego
861 2913 929 2953 vero
951 2913 1012 2954 non
1034 2894 1138 2953 iubeo'

141 2993 247 3068 Cogita
270 2993 321 3068 qui
344 2993 417 3050 risus
441 2992 602 3064 hominnm,
624 2995 674 3069 qui
696 2994 759 3052 ioci.
802 2993 855 3052 Est
878 2995 1000 3052 omnino
1023 2994 1138 3052 Priscus

141 3091 247 3148 dubiae
276 3091 413 3161 sanitatis,
440 3091 557 3149 interest
581 3101 679 3148 tamen
702 3091 812 3162 officiis,
839 3092 989 3150 adhibetur
1011 3089 1138 3148 consiliis

105 3200 228 3264 roatque
249 3189 336 3247 etiam
356 3189 400 3245 ius
422 3189 502 3246 civile
523 3189 637 3263 publice
659 3190 835 3264 respondet:
866 3208 925 3265 quo
944 3189 1037 3264 magis
1057 3187 1138 3262 quod

141 3299 210 3346 tunc
224 3288 292 3346 fecit
305 3297 333 3344 et
347 3287 499 3347 ridiculum
514 3297 542 3344 et
561 3287 687 3346 notabile
702 3286 761 3347 fuit.
804 3289 924 3346 Interim
938 3287 1029 3346 Paulo
1044 3285 1137 3346 aliena

142 3386 272 3446 deliratio
287 3387 466 3461 aliquantum
481 3385 594 3461 frigoris
614 3386 714 3444 attulit.
756 3386 834 3444 Tam
848 3387 966 3445 sollicite
980 3385 1137 3444 recitaturis

142 3485 355 3558 providendum
375 3495 418 3542 est
439 3503 500 3543 non
522 3483 616 3542 solum
636 3494 668 3543 ut
688 3485 744 3548 sint
765 3485 821 3561 ipsi
842 3486 913 3557 sani,
933 3484 1137 3543 verumetiam

142 3594 175 3642 ut
188 3577 278 3641 sanos
293 3583 456 3643 adhibeant.
497 3583 576 3641 Vale.
