<?xml version="1.0" encoding="UTF-8"?>
<!DOCTYPE html PUBLIC "-//W3C//DTD XHTML 1.0 Transitional//EN"
    "http://www.w3.org/TR/xhtml1/DTD/xhtml1-transitional.dtd">
<html xmlns="http://www.w3.org/1999/xhtml" xml:lang="en" lang="en">
 <head>
  <title>
</title>
<meta http-equiv="Content-Type" content="text/html;charset=utf-8" />
  <meta name='ocr-system' content='tesseract 3.04.00' />
  <meta name='ocr-capabilities' content='ocr_page ocr_carea ocr_par ocr_line ocrx_word'/>
</head>
<body>
  <div class='ocr_page' id='page_1' title='image "./selectedletters05plingoog_0100.png"; bbox 0 0 2662 3914; ppageno 0'>
   <div class='ocr_carea' id='block_1_1' title="bbox 193 149 1167 243">
    <p class='ocr_par' dir='ltr' id='par_1_1' title="bbox 193 149 1167 243">
     <span class='ocr_line' id='line_1_1' title="bbox 193 149 1167 243; baseline 0 -19"><span class='ocrx_word' id='word_1_1' title='bbox 193 149 361 224; x_wconf 71' lang='lat' dir='ltr'><strong>inrisas</strong></span> <span class='ocrx_word' id='word_1_2' title='bbox 377 178 420 225; x_wconf 72' lang='lat' dir='ltr'><strong>or</strong></span> <span class='ocrx_word' id='word_1_3' title='bbox 443 179 472 227; x_wconf 85' lang='lat' dir='ltr'><strong>c.</strong></span> <span class='ocrx_word' id='word_1_4' title='bbox 488 178 636 225; x_wconf 76' lang='lat' dir='ltr'><strong>Primus</strong></span> <span class='ocrx_word' id='word_1_5' title='bbox 658 176 842 226; x_wconf 71' lang='lat' dir='ltr'><strong>canemus</strong></span> <span class='ocrx_word' id='word_1_6' title='bbox 863 177 1054 227; x_wconf 74' lang='lat' dir='ltr'><strong>anconam.</strong></span> <span class='ocrx_word' id='word_1_7' title='bbox 1101 162 1141 243; x_wconf 89' lang='lat'><strong>87</strong></span> <span class='ocrx_word' id='word_1_8' title='bbox 1164 209 1167 216; x_wconf 92' lang='lat'><em>.</em></span> 
     </span>
    </p>
   </div>
   <div class='ocr_carea' id='block_1_2' title="bbox 4 336 1198 2385">
    <p class='ocr_par' dir='ltr' id='par_1_2' title="bbox 96 336 1143 1495">
     <span class='ocr_line' id='line_1_2' title="bbox 143 336 1142 413; baseline 0.002 -20"><span class='ocrx_word' id='word_1_9' title='bbox 143 338 224 395; x_wconf 90' lang='lat' dir='ltr'><strong>cuius</strong></span> <span class='ocrx_word' id='word_1_10' title='bbox 252 339 345 412; x_wconf 89' lang='lat' dir='ltr'><strong>gratia</strong></span> <span class='ocrx_word' id='word_1_11' title='bbox 371 336 500 413; x_wconf 90' lang='lat' dir='ltr'><strong>periculo</strong></span> <span class='ocrx_word' id='word_1_12' title='bbox 529 337 624 407; x_wconf 90' lang='lat' dir='ltr'><strong>crevit,</strong></span> <span class='ocrx_word' id='word_1_13' title='bbox 652 345 703 394; x_wconf 90' lang='lat' dir='ltr'><strong>tuo</strong></span> <span class='ocrx_word' id='word_1_14' title='bbox 739 336 867 412; x_wconf 89' lang='lat' dir='ltr'><strong>ingenio,</strong></span> <span class='ocrx_word' id='word_1_15' title='bbox 895 347 947 395; x_wconf 93' lang='lat' dir='ltr'><strong>tuo</strong></span> <span class='ocrx_word' id='word_1_16' title='bbox 975 337 1142 396; x_wconf 89' lang='lat' dir='ltr'><strong>testimonio</strong></span> 
     </span>
     <span class='ocr_line' id='line_1_3' title="bbox 97 435 1142 494; baseline -0.001 -1"><span class='ocrx_word' id='word_1_17' title='bbox 97 453 127 486; x_wconf 90' lang='lat'><strong>10</strong></span> <span class='ocrx_word' id='word_1_18' title='bbox 142 437 297 494; x_wconf 89' lang='lat' dir='ltr'><strong>ornaveris.</strong></span> <span class='ocrx_word' id='word_1_19' title='bbox 359 435 488 493; x_wconf 84' lang='lat' dir='ltr'>Dederat</span> <span class='ocrx_word' id='word_1_20' title='bbox 522 452 570 492; x_wconf 89' lang='lat' dir='ltr'><strong>me</strong></span> <span class='ocrx_word' id='word_1_21' title='bbox 606 443 722 493; x_wconf 89' lang='lat' dir='ltr'><strong>senatus</strong></span> <span class='ocrx_word' id='word_1_22' title='bbox 761 453 828 492; x_wconf 90' lang='lat' dir='ltr'><strong>cum</strong></span> <span class='ocrx_word' id='word_1_23' title='bbox 864 435 1016 494; x_wconf 90' lang='lat' dir='ltr'><strong>Herennio</strong></span> <span class='ocrx_word' id='word_1_24' title='bbox 1052 435 1142 494; x_wconf 91' lang='lat' dir='ltr'><strong>Sene-</strong></span> 
     </span>
     <span class='ocr_line' id='line_1_4' title="bbox 142 531 1142 609; baseline -0.002 -17"><span class='ocrx_word' id='word_1_25' title='bbox 142 535 229 592; x_wconf 90' lang='lat' dir='ltr'><strong>cione</strong></span> <span class='ocrx_word' id='word_1_26' title='bbox 267 533 440 592; x_wconf 87' lang='lat' dir='ltr'><strong>advocatum</strong></span> <span class='ocrx_word' id='word_1_27' title='bbox 482 533 646 609; x_wconf 89' lang='lat' dir='ltr'><strong>provinciae</strong></span> <span class='ocrx_word' id='word_1_28' title='bbox 689 531 823 591; x_wconf 85' lang='lat' dir='ltr'><strong>Baeticae</strong></span> <span class='ocrx_word' id='word_1_29' title='bbox 866 539 967 592; x_wconf 89' lang='lat' dir='ltr'><strong>contra</strong></span> <span class='ocrx_word' id='word_1_30' title='bbox 1002 533 1142 592; x_wconf 83' lang='lat' dir='ltr'><strong>Baebium</strong></span> 
     </span>
     <span class='ocr_line' id='line_1_5' title="bbox 142 629 1143 708; baseline 0.002 -20"><span class='ocrx_word' id='word_1_31' title='bbox 142 631 275 690; x_wconf 86' lang='lat' dir='ltr'>Massam</span> <span class='ocrx_word' id='word_1_32' title='bbox 291 632 487 707; x_wconf 90' lang='lat' dir='ltr'><strong>damnatoque</strong></span> <span class='ocrx_word' id='word_1_33' title='bbox 506 629 605 689; x_wconf 87' lang='lat' dir='ltr'><strong>Massa</strong></span> <span class='ocrx_word' id='word_1_34' title='bbox 624 641 776 688; x_wconf 89' lang='lat' dir='ltr'><strong>censuerat</strong></span> <span class='ocrx_word' id='word_1_35' title='bbox 795 641 826 688; x_wconf 90' lang='lat' dir='ltr'><strong>ut</strong></span> <span class='ocrx_word' id='word_1_36' title='bbox 846 632 926 690; x_wconf 89' lang='lat' dir='ltr'><strong>bona</strong></span> <span class='ocrx_word' id='word_1_37' title='bbox 946 633 1008 691; x_wconf 90' lang='lat' dir='ltr'><strong>eius</strong></span> <span class='ocrx_word' id='word_1_38' title='bbox 1028 632 1143 708; x_wconf 91' lang='lat' dir='ltr'><strong>publice</strong></span> 
     </span>
     <span class='ocr_line' id='line_1_6' title="bbox 142 729 1141 807; baseline 0.001 -19"><span class='ocrx_word' id='word_1_39' title='bbox 142 731 362 789; x_wconf 89' lang='lat' dir='ltr'><strong>custodirentur.</strong></span> <span class='ocrx_word' id='word_1_40' title='bbox 414 730 546 798; x_wconf 90' lang='lat' dir='ltr'><strong>Seneci0‚</strong></span> <span class='ocrx_word' id='word_1_41' title='bbox 575 747 642 788; x_wconf 92' lang='lat' dir='ltr'><strong>cum</strong></span> <span class='ocrx_word' id='word_1_42' title='bbox 670 729 850 804; x_wconf 86' lang='lat' dir='ltr'><strong>explorasset</strong></span> <span class='ocrx_word' id='word_1_43' title='bbox 878 730 1013 788; x_wconf 90' lang='lat' dir='ltr'><strong>consules</strong></span> <span class='ocrx_word' id='word_1_44' title='bbox 1041 740 1141 807; x_wconf 90' lang='lat' dir='ltr'><strong>postu·</strong></span> 
     </span>
     <span class='ocr_line' id='line_1_7' title="bbox 142 828 1142 905; baseline 0.001 -19"><span class='ocrx_word' id='word_1_45' title='bbox 142 829 298 888; x_wconf 90' lang='lat' dir='ltr'><strong>lationibus</strong></span> <span class='ocrx_word' id='word_1_46' title='bbox 314 839 475 899; x_wconf 71' lang='lat' dir='ltr'><strong>vacaturos</strong></span> <span class='ocrx_word' id='word_1_47' title='bbox 490 829 624 886; x_wconf 89' lang='lat' dir='ltr'><strong>convenit</strong></span> <span class='ocrx_word' id='word_1_48' title='bbox 642 845 690 885; x_wconf 91' lang='lat' dir='ltr'><strong>me</strong></span> <span class='ocrx_word' id='word_1_49' title='bbox 712 837 741 885; x_wconf 91' lang='lat' dir='ltr'><strong>et</strong></span> <span class='ocrx_word' id='word_1_50' title='bbox 762 831 838 904; x_wconf 83' lang='lat' dir='ltr'><strong>‘qua</strong></span> <span class='ocrx_word' id='word_1_51' title='bbox 859 828 1028 886; x_wconf 86' lang='lat' dir='ltr'><strong>concordia’</strong></span> <span class='ocrx_word' id='word_1_52' title='bbox 1050 830 1142 905; x_wconf 90' lang='lat' dir='ltr'><strong>inquit</strong></span> 
     </span>
     <span class='ocr_line' id='line_1_8' title="bbox 96 926 1141 998; baseline -0.004 -8"><span class='ocrx_word' id='word_1_53' title='bbox 96 940 128 990; x_wconf 79' lang='lat'><strong>15</strong></span> <span class='ocrx_word' id='word_1_54' title='bbox 144 929 320 986; x_wconf 87' lang='lat' dir='ltr'><strong>‘iniunctam</strong></span> <span class='ocrx_word' id='word_1_55' title='bbox 335 927 420 985; x_wconf 93' lang='lat' dir='ltr'><strong>nobis</strong></span> <span class='ocrx_word' id='word_1_56' title='bbox 434 927 650 985; x_wconf 87' lang='lat' dir='ltr'><strong>accusationem</strong></span> <span class='ocrx_word' id='word_1_57' title='bbox 664 927 793 986; x_wconf 89' lang='lat' dir='ltr'><strong>exsecuti</strong></span> <span class='ocrx_word' id='word_1_58' title='bbox 808 943 917 998; x_wconf 78' lang='lat' dir='ltr'><strong>sumuS,</strong></span> <span class='ocrx_word' id='word_1_59' title='bbox 931 926 986 986; x_wconf 90' lang='lat' dir='ltr'><strong>hac</strong></span> <span class='ocrx_word' id='word_1_60' title='bbox 1000 926 1141 986; x_wconf 78' lang='lat' dir='ltr'><strong>adeamus</strong></span> 
     </span>
     <span class='ocr_line' id='line_1_9' title="bbox 143 1026 1139 1102; baseline 0 -18"><span class='ocrx_word' id='word_1_61' title='bbox 143 1027 279 1085; x_wconf 89' lang='lat' dir='ltr'><strong>consules</strong></span> <span class='ocrx_word' id='word_1_62' title='bbox 300 1038 491 1102; x_wconf 84' lang='lat' dir='ltr'><strong>petamusque</strong></span> <span class='ocrx_word' id='word_1_63' title='bbox 505 1042 544 1083; x_wconf 90' lang='lat' dir='ltr'><strong>ne</strong></span> <span class='ocrx_word' id='word_1_64' title='bbox 562 1026 642 1083; x_wconf 89' lang='lat' dir='ltr'><strong>bona</strong></span> <span class='ocrx_word' id='word_1_65' title='bbox 662 1026 793 1100; x_wconf 90' lang='lat' dir='ltr'><strong>dissipari</strong></span> <span class='ocrx_word' id='word_1_66' title='bbox 814 1026 910 1084; x_wconf 89' lang='lat' dir='ltr'><strong>sinant</strong></span> <span class='ocrx_word' id='word_1_67' title='bbox 931 1044 1055 1102; x_wconf 89' lang='lat' dir='ltr'><strong>quorum</strong></span> <span class='ocrx_word' id='word_1_68' title='bbox 1074 1045 1139 1084; x_wconf 87' lang='lat' dir='ltr'><strong>esse</strong></span> 
     </span>
     <span class='ocr_line' id='line_1_10' title="bbox 142 1124 1141 1201; baseline 0.008 -21"><span class='ocrx_word' id='word_1_69' title='bbox 142 1125 173 1182; x_wconf 92' lang='lat' dir='ltr'><strong>in</strong></span> <span class='ocrx_word' id='word_1_70' title='bbox 200 1125 334 1184; x_wconf 87' lang='lat' dir='ltr'><strong>custodia</strong></span> <span class='ocrx_word' id='word_1_71' title='bbox 362 1125 488 1183; x_wconf 64' lang='lat' dir='ltr'><strong>debent?</strong></span> <span class='ocrx_word' id='word_1_72' title='bbox 544 1124 697 1201; x_wconf 88' lang='lat' dir='ltr'><strong>Respondi</strong></span> <span class='ocrx_word' id='word_1_73' title='bbox 727 1128 812 1182; x_wconf 91' lang='lat' dir='ltr'><strong>‘cum</strong></span> <span class='ocrx_word' id='word_1_74' title='bbox 845 1125 935 1184; x_wconf 89' lang='lat' dir='ltr'><strong>simus</strong></span> <span class='ocrx_word' id='word_1_75' title='bbox 963 1125 1094 1184; x_wconf 89' lang='lat' dir='ltr'><strong>advocati</strong></span> <span class='ocrx_word' id='word_1_76' title='bbox 1119 1145 1141 1194; x_wconf 68' lang='lat' dir='ltr'><strong>,a</strong></span> 
     </span>
     <span class='ocr_line' id='line_1_11' title="bbox 143 1223 1141 1300; baseline 0.001 -18"><span class='ocrx_word' id='word_1_77' title='bbox 143 1234 247 1282; x_wconf 89' lang='lat' dir='ltr'><strong>senatu</strong></span> <span class='ocrx_word' id='word_1_78' title='bbox 274 1224 342 1295; x_wconf 92' lang='lat' dir='ltr'><strong>dati,</strong></span> <span class='ocrx_word' id='word_1_79' title='bbox 371 1223 480 1298; x_wconf 91' lang='lat' dir='ltr'><strong>dispice</strong></span> <span class='ocrx_word' id='word_1_80' title='bbox 512 1242 583 1282; x_wconf 89' lang='lat' dir='ltr'><strong>num</strong></span> <span class='ocrx_word' id='word_1_81' title='bbox 610 1232 741 1299; x_wconf 81' lang='lat' dir='ltr'><strong>peractas</strong></span> <span class='ocrx_word' id='word_1_82' title='bbox 775 1232 861 1299; x_wconf 93' lang='lat' dir='ltr'><strong>putes</strong></span> <span class='ocrx_word' id='word_1_83' title='bbox 895 1234 991 1300; x_wconf 88' lang='lat' dir='ltr'><strong>partes</strong></span> <span class='ocrx_word' id='word_1_84' title='bbox 1026 1235 1141 1284; x_wconf 87' lang='lat' dir='ltr'><strong>nostras</strong></span> 
     </span>
     <span class='ocr_line' id='line_1_12' title="bbox 143 1305 1140 1398; baseline 0.002 -18"><span class='ocrx_word' id='word_1_85' title='bbox 143 1305 261 1380; x_wconf 73' lang='lat' dir='ltr'><strong>senatus</strong></span> <span class='ocrx_word' id='word_1_86' title='bbox 289 1317 458 1398; x_wconf 84' lang='lat' dir='ltr'><strong>cognitione</strong></span> <span class='ocrx_word' id='word_1_87' title='bbox 487 1321 584 1380; x_wconf 72' lang='lat' dir='ltr'><strong>finita!</strong></span> <span class='ocrx_word' id='word_1_88' title='bbox 636 1321 674 1380; x_wconf 88' lang='lat' dir='ltr'><strong>Et</strong></span> <span class='ocrx_word' id='word_1_89' title='bbox 701 1321 747 1380; x_wconf 92' lang='lat' dir='ltr'><strong>ille</strong></span> <span class='ocrx_word' id='word_1_90' title='bbox 777 1327 826 1380; x_wconf 91' lang='lat' dir='ltr'><strong>‘tu</strong></span> <span class='ocrx_word' id='word_1_91' title='bbox 860 1341 948 1398; x_wconf 91' lang='lat' dir='ltr'><strong>quem</strong></span> <span class='ocrx_word' id='word_1_92' title='bbox 975 1323 1056 1382; x_wconf 90' lang='lat' dir='ltr'><strong>voles</strong></span> <span class='ocrx_word' id='word_1_93' title='bbox 1089 1324 1140 1382; x_wconf 92' lang='lat' dir='ltr'><strong>tibi</strong></span> 
     </span>
     <span class='ocr_line' id='line_1_13' title="bbox 96 1402 1141 1495; baseline 0.006 -19"><span class='ocrx_word' id='word_1_94' title='bbox 96 1402 128 1476; x_wconf 70' lang='grc' dir='ltr'><strong>ἕο</strong></span> <span class='ocrx_word' id='word_1_95' title='bbox 141 1421 296 1480; x_wconf 87' lang='lat' dir='ltr'><strong>terminum</strong></span> <span class='ocrx_word' id='word_1_96' title='bbox 319 1430 435 1491; x_wconf 87' lang='lat' dir='ltr'><strong>statues,</strong></span> <span class='ocrx_word' id='word_1_97' title='bbox 458 1421 503 1478; x_wconf 92' lang='lat' dir='ltr'><strong>cui</strong></span> <span class='ocrx_word' id='word_1_98' title='bbox 525 1419 603 1478; x_wconf 88' lang='lat' dir='ltr'><strong>nulla</strong></span> <span class='ocrx_word' id='word_1_99' title='bbox 623 1438 691 1478; x_wconf 90' lang='lat' dir='ltr'><strong>cum</strong></span> <span class='ocrx_word' id='word_1_100' title='bbox 711 1422 859 1495; x_wconf 89' lang='lat' dir='ltr'><strong>provincia</strong></span> <span class='ocrx_word' id='word_1_101' title='bbox 879 1423 1064 1481; x_wconf 89' lang='lat' dir='ltr'><strong>necessitudo</strong></span> <span class='ocrx_word' id='word_1_102' title='bbox 1085 1424 1141 1482; x_wconf 92' lang='lat' dir='ltr'><strong>nisi</strong></span> 
     </span>
    </p>

    <p class='ocr_par' dir='ltr' id='par_1_3' title="bbox 4 1503 1198 2385">
     <span class='ocr_line' id='line_1_14' title="bbox 4 1503 1141 1597; baseline 0.004 -22"><span class='ocrx_word' id='word_1_103' title='bbox 4 1503 6 1506; x_wconf 29' lang='lat'><strong><em>¹</em></strong></span> <span class='ocrx_word' id='word_1_104' title='bbox 142 1536 178 1576; x_wconf 90' lang='lat' dir='ltr'><strong>ex</strong></span> <span class='ocrx_word' id='word_1_105' title='bbox 193 1519 336 1579; x_wconf 88' lang='lat' dir='ltr'><strong>beneficio</strong></span> <span class='ocrx_word' id='word_1_106' title='bbox 350 1530 410 1591; x_wconf 90' lang='lat' dir='ltr'><strong>tuo,</strong></span> <span class='ocrx_word' id='word_1_107' title='bbox 425 1529 454 1579; x_wconf 90' lang='lat' dir='ltr'><strong>et</strong></span> <span class='ocrx_word' id='word_1_108' title='bbox 468 1519 524 1577; x_wconf 90' lang='lat' dir='ltr'><strong>hoc</strong></span> <span class='ocrx_word' id='word_1_109' title='bbox 538 1519 662 1590; x_wconf 87' lang='lat' dir='ltr'><strong>recenti;</strong></span> <span class='ocrx_word' id='word_1_110' title='bbox 684 1519 745 1594; x_wconf 90' lang='lat' dir='ltr'><strong>ipse</strong></span> <span class='ocrx_word' id='word_1_111' title='bbox 761 1529 790 1577; x_wconf 94' lang='lat' dir='ltr'><strong>et</strong></span> <span class='ocrx_word' id='word_1_112' title='bbox 803 1530 888 1578; x_wconf 87' lang='lat' dir='ltr'><strong>natus</strong></span> <span class='ocrx_word' id='word_1_113' title='bbox 906 1521 946 1578; x_wconf 93' lang='lat' dir='ltr'><strong>ibi</strong></span> <span class='ocrx_word' id='word_1_114' title='bbox 960 1531 989 1578; x_wconf 90' lang='lat' dir='ltr'><strong>et</strong></span> <span class='ocrx_word' id='word_1_115' title='bbox 1003 1533 1141 1597; x_wconf 87' lang='lat' dir='ltr'><strong>quaestor</strong></span> 
     </span>
     <span class='ocr_line' id='line_1_15' title="bbox 141 1618 1139 1694; baseline 0.003 -19"><span class='ocrx_word' id='word_1_116' title='bbox 141 1619 172 1674; x_wconf 90' lang='lat' dir='ltr'><strong>in</strong></span> <span class='ocrx_word' id='word_1_117' title='bbox 193 1636 228 1676; x_wconf 85' lang='lat' dir='ltr'><strong>ea</strong></span> <span class='ocrx_word' id='word_1_118' title='bbox 249 1619 307 1676; x_wconf 72' lang='lat' dir='ltr'><strong>sui!</strong></span> <span class='ocrx_word' id='word_1_119' title='bbox 349 1619 430 1676; x_wconf 92' lang='lat' dir='ltr'><strong>Tum</strong></span> <span class='ocrx_word' id='word_1_120' title='bbox 451 1635 508 1694; x_wconf 89' lang='lat' dir='ltr'><strong>ego</strong></span> <span class='ocrx_word' id='word_1_121' title='bbox 530 1619 572 1675; x_wconf 92' lang='lat' dir='ltr'><strong>‘si</strong></span> <span class='ocrx_word' id='word_1_122' title='bbox 597 1618 686 1674; x_wconf 89' lang='lat' dir='ltr'><strong>fixum</strong></span> <span class='ocrx_word' id='word_1_123' title='bbox 708 1618 759 1676; x_wconf 92' lang='lat' dir='ltr'><strong>tibi</strong></span> <span class='ocrx_word' id='word_1_124' title='bbox 784 1618 861 1676; x_wconf 93' lang='lat' dir='ltr'><strong>istud</strong></span> <span class='ocrx_word' id='word_1_125' title='bbox 885 1636 919 1676; x_wconf 89' lang='lat' dir='ltr'><strong>ac</strong></span> <span class='ocrx_word' id='word_1_126' title='bbox 942 1619 1139 1692; x_wconf 88' lang='lat' dir='ltr'><strong>deliberatum,</strong></span> 
     </span>
     <span class='ocr_line' id='line_1_16' title="bbox 141 1717 1140 1796; baseline 0.006 -24"><span class='ocrx_word' id='word_1_127' title='bbox 141 1717 247 1791; x_wconf 78' lang='lat' dir='ltr'><strong>sequar</strong></span> <span class='ocrx_word' id='word_1_128' title='bbox 267 1726 304 1788; x_wconf 90' lang='lat' dir='ltr'><strong>te,</strong></span> <span class='ocrx_word' id='word_1_129' title='bbox 326 1728 366 1790; x_wconf 91' lang='lat' dir='ltr'><strong>ut,</strong></span> <span class='ocrx_word' id='word_1_130' title='bbox 387 1719 469 1796; x_wconf 81' lang='lat' dir='ltr'><strong>siqua</strong></span> <span class='ocrx_word' id='word_1_131' title='bbox 481 1736 527 1775; x_wconf 84' lang='lat' dir='ltr'><strong>ex</strong></span> <span class='ocrx_word' id='word_1_132' title='bbox 548 1719 605 1778; x_wconf 90' lang='lat' dir='ltr'><strong>hoc</strong></span> <span class='ocrx_word' id='word_1_133' title='bbox 625 1717 739 1788; x_wconf 85' lang='lat' dir='ltr'><strong>invidia,</strong></span> <span class='ocrx_word' id='word_1_134' title='bbox 754 1735 816 1776; x_wconf 90' lang='lat' dir='ltr'><strong>non</strong></span> <span class='ocrx_word' id='word_1_135' title='bbox 836 1726 948 1776; x_wconf 84' lang='lat' dir='ltr'><strong>tanturn</strong></span> <span class='ocrx_word' id='word_1_136' title='bbox 969 1718 1037 1776; x_wconf 72' lang='lat' dir='ltr'><strong>tua!</strong></span> <span class='ocrx_word' id='word_1_137' title='bbox 1080 1718 1140 1778; x_wconf 85' lang='lat' dir='ltr'><strong>Ve·</strong></span> 
     </span>
     <span class='ocr_line' id='line_1_17' title="bbox 142 1815 1141 1893; baseline 0.007 -23"><span class='ocrx_word' id='word_1_138' title='bbox 142 1815 237 1876; x_wconf 90' lang='lat' dir='ltr'><strong>nimus</strong></span> <span class='ocrx_word' id='word_1_139' title='bbox 262 1815 300 1874; x_wconf 91' lang='lat' dir='ltr'><strong>ad</strong></span> <span class='ocrx_word' id='word_1_140' title='bbox 324 1817 467 1887; x_wconf 71' lang='lat' dir='ltr'><strong>consules</strong></span> <span class='ocrx_word' id='word_1_141' title='bbox 494 1817 562 1876; x_wconf 92' lang='lat' dir='ltr'><strong>dicit</strong></span> <span class='ocrx_word' id='word_1_142' title='bbox 585 1815 707 1876; x_wconf 85' lang='lat' dir='ltr'><strong>Senecio</strong></span> <span class='ocrx_word' id='word_1_143' title='bbox 732 1833 807 1893; x_wconf 89' lang='lat' dir='ltr'><strong>quae</strong></span> <span class='ocrx_word' id='word_1_144' title='bbox 831 1833 878 1874; x_wconf 88' lang='lat' dir='ltr'><strong>res</strong></span> <span class='ocrx_word' id='word_1_145' title='bbox 902 1815 1020 1886; x_wconf 86' lang='lat' dir='ltr'><strong>ferebat,</strong></span> <span class='ocrx_word' id='word_1_146' title='bbox 1043 1817 1141 1893; x_wconf 86' lang='lat' dir='ltr'><strong>aliqua</strong></span> 
     </span>
     <span class='ocr_line' id='line_1_18' title="bbox 95 1914 1139 1992; baseline 0.009 -26"><span class='ocrx_word' id='word_1_147' title='bbox 95 1933 126 1982; x_wconf 84' lang='lat'><strong>25</strong></span> <span class='ocrx_word' id='word_1_148' title='bbox 142 1914 296 1990; x_wconf 86' lang='lat' dir='ltr'><strong>subiungo.</strong></span> <span class='ocrx_word' id='word_1_149' title='bbox 338 1914 468 1973; x_wconf 85' lang='lat' dir='ltr'><strong>Vixdum</strong></span> <span class='ocrx_word' id='word_1_150' title='bbox 489 1916 730 1986; x_wconf 83' lang='lat' dir='ltr'><strong>conticueramus,</strong></span> <span class='ocrx_word' id='word_1_151' title='bbox 745 1925 773 1974; x_wconf 90' lang='lat' dir='ltr'><strong>et</strong></span> <span class='ocrx_word' id='word_1_152' title='bbox 794 1915 895 1974; x_wconf 84' lang='lat' dir='ltr'><strong>Massa</strong></span> <span class='ocrx_word' id='word_1_153' title='bbox 912 1925 1030 1992; x_wconf 89' lang='lat' dir='ltr'><strong>questus</strong></span> <span class='ocrx_word' id='word_1_154' title='bbox 1049 1916 1139 1975; x_wconf 90' lang='lat' dir='ltr'><strong>Sene-</strong></span> 
     </span>
     <span class='ocr_line' id='line_1_19' title="bbox 142 2014 1139 2086; baseline 0.006 -18"><span class='ocrx_word' id='word_1_155' title='bbox 142 2014 257 2071; x_wconf 88' lang='lat' dir='ltr'><strong>cionem</strong></span> <span class='ocrx_word' id='word_1_156' title='bbox 291 2032 352 2072; x_wconf 92' lang='lat' dir='ltr'><strong>non</strong></span> <span class='ocrx_word' id='word_1_157' title='bbox 386 2014 519 2073; x_wconf 88' lang='lat' dir='ltr'><strong>advocati</strong></span> <span class='ocrx_word' id='word_1_158' title='bbox 558 2015 654 2086; x_wconf 89' lang='lat' dir='ltr'><strong>fidem,</strong></span> <span class='ocrx_word' id='word_1_159' title='bbox 690 2015 742 2074; x_wconf 94' lang='lat' dir='ltr'><strong>sed</strong></span> <span class='ocrx_word' id='word_1_160' title='bbox 775 2016 882 2074; x_wconf 91' lang='lat' dir='ltr'><strong>inimici</strong></span> <span class='ocrx_word' id='word_1_161' title='bbox 919 2017 1139 2074; x_wconf 88' lang='lat' dir='ltr'><strong>amaritudinem</strong></span> 
     </span>
     <span class='ocr_line' id='line_1_20' title="bbox 141 2110 1139 2192; baseline 0.006 -24"><span class='ocrx_word' id='word_1_162' title='bbox 141 2110 276 2187; x_wconf 88' lang='lat' dir='ltr'><strong>inplesse‚</strong></span> <span class='ocrx_word' id='word_1_163' title='bbox 299 2113 453 2188; x_wconf 90' lang='lat' dir='ltr'><strong>impietatis</strong></span> <span class='ocrx_word' id='word_1_164' title='bbox 478 2131 559 2172; x_wconf 88' lang='lat' dir='ltr'><strong>reum</strong></span> <span class='ocrx_word' id='word_1_165' title='bbox 587 2113 722 2189; x_wconf 87' lang='lat' dir='ltr'><strong>postulat.</strong></span> <span class='ocrx_word' id='word_1_166' title='bbox 764 2113 879 2173; x_wconf 90' lang='lat' dir='ltr'><strong>Horror</strong></span> <span class='ocrx_word' id='word_1_167' title='bbox 901 2115 1049 2172; x_wconf 90' lang='lat' dir='ltr'><strong>omnium:</strong></span> <span class='ocrx_word' id='word_1_168' title='bbox 1081 2134 1139 2192; x_wconf 90' lang='lat' dir='ltr'><strong>ego</strong></span> 
     </span>
     <span class='ocr_line' id='line_1_21' title="bbox 142 2211 1191 2286; baseline 0.004 -19"><span class='ocrx_word' id='word_1_169' title='bbox 142 2218 240 2267; x_wconf 88' lang='lat' dir='ltr'><strong>autem</strong></span> <span class='ocrx_word' id='word_1_170' title='bbox 255 2211 383 2268; x_wconf 86' lang='lat' dir='ltr'><strong>‘vereor&#39;</strong></span> <span class='ocrx_word' id='word_1_171' title='bbox 403 2211 532 2286; x_wconf 90' lang='lat' dir='ltr'><strong>inquam,</strong></span> <span class='ocrx_word' id='word_1_172' title='bbox 549 2212 715 2270; x_wconf 86' lang='lat' dir='ltr'><strong>‘clarissimi</strong></span> <span class='ocrx_word' id='word_1_173' title='bbox 734 2212 877 2282; x_wconf 77' lang='lat' dir='ltr'><strong>cousuleS,</strong></span> <span class='ocrx_word' id='word_1_174' title='bbox 891 2229 930 2269; x_wconf 92' lang='lat' dir='ltr'><strong>ne</strong></span> <span class='ocrx_word' id='word_1_175' title='bbox 950 2213 1021 2268; x_wconf 91' lang='lat' dir='ltr'><strong>mihi</strong></span> <span class='ocrx_word' id='word_1_176' title='bbox 1040 2213 1140 2271; x_wconf 89' lang='lat' dir='ltr'><strong>Massa</strong></span> <span class='ocrx_word' id='word_1_177' title='bbox 1188 2265 1191 2271; x_wconf 91' lang='lat'><em>.</em></span> 
     </span>
     <span class='ocr_line' id='line_1_22' title="bbox 143 2309 1198 2385; baseline 0.004 -19"><span class='ocrx_word' id='word_1_178' title='bbox 143 2309 255 2368; x_wconf 89' lang='lat' dir='ltr'><strong>silentio</strong></span> <span class='ocrx_word' id='word_1_179' title='bbox 271 2327 325 2368; x_wconf 89' lang='lat' dir='ltr'><strong>suo</strong></span> <span class='ocrx_word' id='word_1_180' title='bbox 337 2309 613 2385; x_wconf 84' lang='lat' dir='ltr'><strong>praevaricationem</strong></span> <span class='ocrx_word' id='word_1_181' title='bbox 628 2310 772 2380; x_wconf 89' lang='lat' dir='ltr'><strong>obiecerit,</strong></span> <span class='ocrx_word' id='word_1_182' title='bbox 784 2309 864 2385; x_wconf 92' lang='lat' dir='ltr'><strong>quod</strong></span> <span class='ocrx_word' id='word_1_183' title='bbox 878 2327 939 2377; x_wconf 87' lang='lat' dir='ltr'><strong>non</strong></span> <span class='ocrx_word' id='word_1_184' title='bbox 953 2319 983 2367; x_wconf 92' lang='lat' dir='ltr'><strong>et</strong></span> <span class='ocrx_word' id='word_1_185' title='bbox 996 2327 1044 2368; x_wconf 90' lang='lat' dir='ltr'><strong>me</strong></span> <span class='ocrx_word' id='word_1_186' title='bbox 1058 2329 1141 2368; x_wconf 87' lang='lat' dir='ltr'><strong>reum</strong></span> <span class='ocrx_word' id='word_1_187' title='bbox 1194 2361 1198 2370; x_wconf 86' lang='lat'><em>.</em></span> 
     </span>
    </p>
   </div>
   <div class='ocr_carea' id='block_1_3' title="bbox 8 2407 1140 2484">
    <p class='ocr_par' dir='ltr' id='par_1_4' title="bbox 8 2407 1140 2484">
     <span class='ocr_line' id='line_1_23' title="bbox 8 2407 1140 2484; baseline 0.006 -23"><span class='ocrx_word' id='word_1_188' title='bbox 8 2469 16 2484; x_wconf 48' lang='lat'><strong>·</strong></span> <span class='ocrx_word' id='word_1_189' title='bbox 95 2429 128 2477; x_wconf 83' lang='lat'><strong>30</strong></span> <span class='ocrx_word' id='word_1_190' title='bbox 142 2408 313 2484; x_wconf 67' lang='lat' dir='ltr'><strong>postulavit?</strong></span> <span class='ocrx_word' id='word_1_191' title='bbox 364 2407 449 2478; x_wconf 90' lang='lat' dir='ltr'><strong>Quae</strong></span> <span class='ocrx_word' id='word_1_192' title='bbox 471 2426 528 2466; x_wconf 88' lang='lat' dir='ltr'><strong>vox</strong></span> <span class='ocrx_word' id='word_1_193' title='bbox 551 2417 579 2466; x_wconf 92' lang='lat' dir='ltr'><strong>et</strong></span> <span class='ocrx_word' id='word_1_194' title='bbox 601 2409 697 2467; x_wconf 90' lang='lat' dir='ltr'><strong>statim</strong></span> <span class='ocrx_word' id='word_1_195' title='bbox 722 2417 844 2484; x_wconf 89' lang='lat' dir='ltr'><strong>excepta</strong></span> <span class='ocrx_word' id='word_1_196' title='bbox 868 2419 897 2466; x_wconf 92' lang='lat' dir='ltr'><strong>et</strong></span> <span class='ocrx_word' id='word_1_197' title='bbox 920 2419 1023 2484; x_wconf 90' lang='lat' dir='ltr'><strong>postea</strong></span> <span class='ocrx_word' id='word_1_198' title='bbox 1046 2410 1140 2468; x_wconf 90' lang='lat' dir='ltr'><strong>multo</strong></span> 
     </span>
    </p>
   </div>
   <div class='ocr_carea' id='block_1_4' title="bbox 95 2505 1141 3269">
    <p class='ocr_par' dir='ltr' id='par_1_5' title="bbox 143 2505 1141 2682">
     <span class='ocr_line' id='line_1_24' title="bbox 143 2505 1141 2586; baseline 0.002 -22"><span class='ocrx_word' id='word_1_199' title='bbox 143 2523 277 2564; x_wconf 89' lang='lat' dir='ltr'><strong>sermone</strong></span> <span class='ocrx_word' id='word_1_200' title='bbox 292 2505 437 2564; x_wconf 89' lang='lat' dir='ltr'><strong>celebrata</strong></span> <span class='ocrx_word' id='word_1_201' title='bbox 450 2516 501 2565; x_wconf 90' lang='lat' dir='ltr'><strong>est.</strong></span> <span class='ocrx_word' id='word_1_202' title='bbox 543 2507 636 2564; x_wconf 91' lang='lat' dir='ltr'><strong>Divus</strong></span> <span class='ocrx_word' id='word_1_203' title='bbox 656 2506 774 2582; x_wconf 91' lang='lat' dir='ltr'><strong>quidem</strong></span> <span class='ocrx_word' id='word_1_204' title='bbox 796 2505 894 2566; x_wconf 90' lang='lat' dir='ltr'><strong>Nerva</strong></span> <span class='ocrx_word' id='word_1_205' title='bbox 912 2506 994 2586; x_wconf 87' lang='lat' dir='ltr'><strong>(nam</strong></span> <span class='ocrx_word' id='word_1_206' title='bbox 1013 2509 1141 2583; x_wconf 88' lang='lat' dir='ltr'><strong>privatus</strong></span> 
     </span>
     <span class='ocr_line' id='line_1_25' title="bbox 143 2602 1141 2682; baseline 0.003 -21"><span class='ocrx_word' id='word_1_207' title='bbox 143 2622 261 2681; x_wconf 91' lang='lat' dir='ltr'><strong>quoque</strong></span> <span class='ocrx_word' id='word_1_208' title='bbox 275 2605 444 2663; x_wconf 90' lang='lat' dir='ltr'><strong>attendebat</strong></span> <span class='ocrx_word' id='word_1_209' title='bbox 461 2605 506 2664; x_wconf 93' lang='lat' dir='ltr'><strong>his</strong></span> <span class='ocrx_word' id='word_1_210' title='bbox 526 2624 600 2680; x_wconf 84' lang='lat' dir='ltr'><strong>quae</strong></span> <span class='ocrx_word' id='word_1_211' title='bbox 621 2615 699 2665; x_wconf 88' lang='lat' dir='ltr'><strong>recte</strong></span> <span class='ocrx_word' id='word_1_212' title='bbox 720 2607 750 2662; x_wconf 94' lang='lat' dir='ltr'><strong>in</strong></span> <span class='ocrx_word' id='word_1_213' title='bbox 771 2605 889 2682; x_wconf 89' lang='lat' dir='ltr'><strong>publico</strong></span> <span class='ocrx_word' id='word_1_214' title='bbox 910 2602 1024 2682; x_wconf 84' lang='lat' dir='ltr'><strong>fierent)</strong></span> <span class='ocrx_word' id='word_1_215' title='bbox 1045 2607 1141 2665; x_wconf 88' lang='lat' dir='ltr'><strong>missis</strong></span> 
     </span>
    </p>

    <p class='ocr_par' dir='ltr' id='par_1_6' title="bbox 95 2703 1141 2883">
     <span class='ocr_line' id='line_1_26' title="bbox 95 2703 1141 2779; baseline 0.002 -17"><span class='ocrx_word' id='word_1_216' title='bbox 95 2711 96 2714; x_wconf 76' lang='grc'>’</span> <span class='ocrx_word' id='word_1_217' title='bbox 143 2704 182 2762; x_wconf 87' lang='lat' dir='ltr'><strong>ad</strong></span> <span class='ocrx_word' id='word_1_218' title='bbox 208 2721 256 2761; x_wconf 90' lang='lat' dir='ltr'><strong>me</strong></span> <span class='ocrx_word' id='word_1_219' title='bbox 283 2703 458 2779; x_wconf 89' lang='lat' dir='ltr'><strong>gravissimis</strong></span> <span class='ocrx_word' id='word_1_220' title='bbox 486 2704 584 2762; x_wconf 85' lang='lat' dir='ltr'><strong>litteris</strong></span> <span class='ocrx_word' id='word_1_221' title='bbox 612 2722 673 2762; x_wconf 91' lang='lat' dir='ltr'><strong>non</strong></span> <span class='ocrx_word' id='word_1_222' title='bbox 701 2705 771 2762; x_wconf 90' lang='lat' dir='ltr'><strong>mihi</strong></span> <span class='ocrx_word' id='word_1_223' title='bbox 802 2705 898 2764; x_wconf 90' lang='lat' dir='ltr'><strong>solum</strong></span> <span class='ocrx_word' id='word_1_224' title='bbox 925 2723 1025 2763; x_wconf 89' lang='lat' dir='ltr'><strong>verum</strong></span> <span class='ocrx_word' id='word_1_225' title='bbox 1053 2707 1141 2764; x_wconf 87' lang='lat' dir='ltr'><strong>etiarn</strong></span> 
     </span>
     <span class='ocr_line' id='line_1_27' title="bbox 143 2803 1141 2883; baseline 0 -21"><span class='ocrx_word' id='word_1_226' title='bbox 143 2803 260 2862; x_wconf 84' lang='lat' dir='ltr'><strong>saeculo</strong></span> <span class='ocrx_word' id='word_1_227' title='bbox 289 2812 333 2862; x_wconf 87' lang='lat' dir='ltr'><strong>est</strong></span> <span class='ocrx_word' id='word_1_228' title='bbox 360 2803 527 2879; x_wconf 69' lang='lat' dir='ltr'><strong>gratulatus</strong></span> <span class='ocrx_word' id='word_1_229' title='bbox 556 2804 602 2862; x_wconf 94' lang='lat' dir='ltr'><strong>cui</strong></span> <span class='ocrx_word' id='word_1_230' title='bbox 631 2805 798 2879; x_wconf 88' lang='lat' dir='ltr'><strong>exemplum</strong></span> <span class='ocrx_word' id='word_1_231' title='bbox 826 2804 880 2882; x_wconf 93' lang='lat' dir='ltr'><strong>(sic</strong></span> <span class='ocrx_word' id='word_1_232' title='bbox 908 2807 987 2862; x_wconf 90' lang='lat' dir='ltr'><strong>enim</strong></span> <span class='ocrx_word' id='word_1_233' title='bbox 1015 2804 1141 2883; x_wconf 84' lang='lat' dir='ltr'><strong>scripsit)</strong></span> 
     </span>
    </p>

    <p class='ocr_par' dir='ltr' id='par_1_7' title="bbox 96 2902 1141 3269">
     <span class='ocr_line' id='line_1_28' title="bbox 96 2902 1139 2978; baseline -0.001 -16"><span class='ocrx_word' id='word_1_234' title='bbox 96 2921 128 2969; x_wconf 79' lang='lat'><strong>35</strong></span> <span class='ocrx_word' id='word_1_235' title='bbox 144 2903 235 2962; x_wconf 88' lang='lat' dir='ltr'><strong>simile</strong></span> <span class='ocrx_word' id='word_1_236' title='bbox 264 2902 390 2978; x_wconf 88' lang='lat' dir='ltr'><strong>antiquis</strong></span> <span class='ocrx_word' id='word_1_237' title='bbox 425 2903 603 2978; x_wconf 89' lang='lat' dir='ltr'><strong>contigisset.</strong></span> <span class='ocrx_word' id='word_1_238' title='bbox 655 2903 748 2973; x_wconf 87' lang='lat' dir='ltr'><strong>Haec,</strong></span> <span class='ocrx_word' id='word_1_239' title='bbox 776 2912 935 2978; x_wconf 90' lang='lat' dir='ltr'><strong>utcumque</strong></span> <span class='ocrx_word' id='word_1_240' title='bbox 963 2922 995 2962; x_wconf 91' lang='lat' dir='ltr'><strong>se</strong></span> <span class='ocrx_word' id='word_1_241' title='bbox 1022 2905 1139 2972; x_wconf 87' lang='lat' dir='ltr'><strong>habeut,</strong></span> 
     </span>
     <span class='ocr_line' id='line_1_29' title="bbox 142 3000 1140 3077; baseline -0.001 -19"><span class='ocrx_word' id='word_1_242' title='bbox 142 3002 255 3059; x_wconf 86' lang='lat' dir='ltr'><strong>notiora</strong></span> <span class='ocrx_word' id='word_1_243' title='bbox 276 3000 396 3060; x_wconf 86' lang='lat' dir='ltr'><strong>clariora</strong></span> <span class='ocrx_word' id='word_1_244' title='bbox 416 3000 528 3058; x_wconf 84' lang='lat' dir='ltr'><strong>maiora</strong></span> <span class='ocrx_word' id='word_1_245' title='bbox 548 3010 579 3059; x_wconf 92' lang='lat' dir='ltr'><strong>tu</strong></span> <span class='ocrx_word' id='word_1_246' title='bbox 600 3001 706 3060; x_wconf 84' lang='lat' dir='ltr'><strong>facies:</strong></span> <span class='ocrx_word' id='word_1_247' title='bbox 736 3019 913 3077; x_wconf 89' lang='lat' dir='ltr'><strong>quamquam</strong></span> <span class='ocrx_word' id='word_1_248' title='bbox 932 3022 993 3061; x_wconf 92' lang='lat' dir='ltr'><strong>non</strong></span> <span class='ocrx_word' id='word_1_249' title='bbox 1012 3003 1095 3076; x_wconf 85' lang='lat' dir='ltr'><strong>exigo</strong></span> <span class='ocrx_word' id='word_1_250' title='bbox 1109 3011 1140 3057; x_wconf 93' lang='lat' dir='ltr'><strong>ut</strong></span> 
     </span>
     <span class='ocr_line' id='line_1_30' title="bbox 143 3098 1141 3174; baseline -0.002 -16"><span class='ocrx_word' id='word_1_251' title='bbox 143 3100 267 3158; x_wconf 86' lang='lat' dir='ltr'><strong>excedas</strong></span> <span class='ocrx_word' id='word_1_252' title='bbox 286 3109 368 3158; x_wconf 88' lang='lat' dir='ltr'><strong>actae</strong></span> <span class='ocrx_word' id='word_1_253' title='bbox 389 3099 431 3157; x_wconf 88' lang='lat' dir='ltr'><strong>rei</strong></span> <span class='ocrx_word' id='word_1_254' title='bbox 448 3098 579 3157; x_wconf 87' lang='lat' dir='ltr'><strong>modum.</strong></span> <span class='ocrx_word' id='word_1_255' title='bbox 621 3099 700 3157; x_wconf 91' lang='lat' dir='ltr'><strong>Nam</strong></span> <span class='ocrx_word' id='word_1_256' title='bbox 719 3118 774 3156; x_wconf 89' lang='lat' dir='ltr'><strong>nec</strong></span> <span class='ocrx_word' id='word_1_257' title='bbox 795 3100 915 3158; x_wconf 90' lang='lat' dir='ltr'><strong>historia</strong></span> <span class='ocrx_word' id='word_1_258' title='bbox 936 3101 1022 3159; x_wconf 91' lang='lat' dir='ltr'><strong>debet</strong></span> <span class='ocrx_word' id='word_1_259' title='bbox 1042 3099 1141 3174; x_wconf 90' lang='lat' dir='ltr'><strong>egredi</strong></span> 
     </span>
     <span class='ocr_line' id='line_1_31' title="bbox 141 3197 945 3269; baseline 0.004 -14"><span class='ocrx_word' id='word_1_260' title='bbox 141 3200 298 3269; x_wconf 82' lang='lat' dir='ltr'><strong>veritatem,</strong></span> <span class='ocrx_word' id='word_1_261' title='bbox 314 3209 342 3257; x_wconf 91' lang='lat' dir='ltr'><strong>et</strong></span> <span class='ocrx_word' id='word_1_262' title='bbox 356 3198 479 3256; x_wconf 91' lang='lat' dir='ltr'><strong>honeste</strong></span> <span class='ocrx_word' id='word_1_263' title='bbox 493 3197 576 3256; x_wconf 85' lang='lat' dir='ltr'><strong>factis</strong></span> <span class='ocrx_word' id='word_1_264' title='bbox 590 3198 694 3258; x_wconf 88' lang='lat' dir='ltr'><strong>veritas</strong></span> <span class='ocrx_word' id='word_1_265' title='bbox 709 3197 821 3257; x_wconf 90' lang='lat' dir='ltr'><strong>sufficit.</strong></span> <span class='ocrx_word' id='word_1_266' title='bbox 863 3199 945 3258; x_wconf 89' lang='lat' dir='ltr'><strong>Vale.</strong></span> 
     </span>
    </p>
   </div>
   <div class='ocr_carea' id='block_1_5' title="bbox 0 0 1336 3914">
    <p class='ocr_par' dir='ltr' id='par_1_8' title="bbox 0 0 1336 3914">
     <span class='ocr_line' id='line_1_32' title="bbox 0 0 1336 3914; baseline 0 0"><span class='ocrx_word' id='word_1_267' title='bbox 0 0 1336 3914; x_wconf 95' lang='lat' dir='ltr'><strong> </strong></span> 
     </span>
    </p>
   </div>
  </div>
 </body>
</html>
