2662 3914
193 139 352 190 LETTERS
375 141 419 189 OF
441 142 471 191 0.
486 141 634 191 PLINIUS
657 141 844 190 CAECILIUS
852 133 1059 194 ¹SECUNDUS.
1104 145 1145 212 93

480 357 531 412 75.
573 348 706 431 (BOOK
728 369 755 426 9.
778 345 821 428 6.)

173 478 231 528 The
242 479 392 545 occupatiori
406 481 491 531 ofthe
502 482 612 531 Romans
624 482 649 530 in
665 481 707 530 the
723 496 809 544 games
823 480 853 529 os
865 481 907 531 the
924 481 1018 539 Circus,
1029 483 1054 530 in
1065 481 1148 532 which

140 560 217 624 Pliny
228 576 273 610 can
285 578 324 612 see
336 579 369 612 no
380 562 485 612 clement
497 563 527 612 of
534 563 640 614 rational
651 562 759 618 interest,
768 561 813 610 has
825 562 898 626 given
910 563 983 628 Pliny
993 581 1009 614 a
1020 563 1067 616 few
1078 560 1148 628 days’

140 643 231 692 leisure
243 644 281 693 for
292 645 392 710 literary
403 646 521 712 pursuits.

431 785 455 826 C.
478 784 591 825 PLINIUS
610 783 742 826 CALVISIO
762 783 816 824 SUO
837 783 860 824 S.

183 887 282 957 Omne
296 898 353 957 hoc
367 909 483 978 tempus
497 901 571 958 inter
585 899 740 976 pugillares
755 917 788 957 ac
808 897 920 957 libellos
935 889 1145 962 iucundissima

140 997 238 1072 quiete
266 998 421 1057 transmisi.
477 999 596 1070 ‘Quem
630 998 668 1056 ad
695 997 833 1056 modum'
864 998 960 1074 inquis
996 1001 1044 1057 ‘in
1072 1003 1145 1059 urbe

139 1095 297 1170 potuistii'
353 1097 507 1156 Circenses
545 1107 635 1166 erant,
670 1114 731 1172 quo
766 1112 874 1170 genere
914 1099 1070 1172 spectaculi
1106 1118 1144 1157 ne

139 1193 285 1252 levissime
306 1194 424 1270 quidem
446 1205 556 1254 teneor.
598 1194 680 1253 Nihil
698 1212 816 1264 novum,
840 1195 910 1252 nihil
932 1197 1051 1268 varium,
1072 1197 1144 1256 nihil

112 1291 222 1368 5quod
245 1310 306 1351 non
330 1294 420 1352 semel
441 1303 587 1371 spectasse
608 1293 738 1352 sufficiat.
781 1292 851 1365 Quo
872 1294 966 1370 magis
990 1295 1078 1354 miror
1100 1305 1144 1355 tot

12 1381 14 1384 ’
140 1390 221 1448 milia
249 1392 375 1450 virorum
410 1403 471 1451 tam
505 1391 650 1469 pueriliter
677 1391 837 1450 identidem
865 1409 971 1468 cupere
996 1404 1144 1475 currentes

141 1507 244 1566 equos,
265 1491 431 1550 insistentes
454 1493 583 1551 curribus
603 1490 739 1550 homines
762 1491 867 1550 videre.
919 1490 949 1548 si
971 1501 1070 1551 tamen
1095 1504 1145 1552 aut

141 1587 294 1648 velocitate
322 1608 465 1666 equorum
493 1599 543 1648 aut
571 1589 724 1647 hominum
755 1598 815 1648 arte
848 1589 1036 1662 traherentur,
1066 1602 1143 1651 esset

140 1687 216 1745 ratio
243 1706 305 1746 non
332 1689 427 1748 nulla:
462 1708 540 1748 nune
564 1688 662 1746 favent
684 1705 794 1762 panno,
819 1707 950 1764 pannum
978 1699 1086 1760 amant,
1115 1703 1143 1750 et

96 1813 127 1848 ιο
141 1786 167 1845 si
196 1787 226 1843 in
253 1786 319 1864 ipso
347 1804 433 1846 cursu
456 1787 612 1863 medioque
637 1788 793 1846 certamine
821 1787 867 1846 hic
890 1786 971 1845 color
995 1787 1071 1860 illuc,
1095 1789 1143 1848 ille

140 1884 201 1943 huc
234 1884 427 1958 transferatur,
456 1886 583 1945 studium
618 1885 756 1962 favorque
791 1886 929 1958 transibit,
959 1896 988 1945 et
1022 1898 1143 1964 repente

141 1985 299 2060 agitatores
320 1985 393 2058 illos,
414 2004 506 2063 equos
527 1987 601 2059 illos,
623 2005 698 2064 quos
720 1986 823 2062 procul
841 1986 995 2058 noscitant,
1017 2005 1142 2064 quorum

142 2083 291 2142 clamitant
319 2085 448 2156 nomina,
477 2085 648 2161 reinquent.
704 2083 804 2144 Tanta
830 2085 931 2161 gratia,
959 2095 1040 2145 tanta
1074 2105 1144 2145 auc·

140 2183 244 2242 toritas
265 2182 296 2240 in
323 2201 382 2242 una
409 2183 547 2241 vilissima
575 2183 680 2253 tunica,
708 2184 792 2242 mitto
820 2183 900 2258 apud
927 2184 1039 2259 vulgus,
1063 2185 1143 2260 quod

97 2305 128 2357 15
143 2281 226 2339 vilius
253 2281 359 2353 tunica,
388 2282 440 2341 sed
468 2281 548 2359 apud
580 2282 724 2358 quosdam
751 2298 852 2356 graves
880 2280 1032 2353 homines,
1068 2301 1143 2359 quos

143 2397 201 2456 ego
223 2398 290 2438 cum
310 2382 449 2440 recordor
468 2381 499 2439 in
519 2399 550 2439 re
570 2381 650 2439 inani
669 2378 774 2455 frigida
795 2377 917 2437 adsidua
941 2389 1001 2437 tam
1024 2379 1142 2441 insatia-

143 2480 238 2537 biliter
253 2479 393 2552 desidere,
408 2481 494 2558 capio
513 2481 639 2558 aliquam
660 2478 847 2555 voluptatem,
861 2477 942 2553 quod
961 2478 1016 2536 hac
1038 2481 1141 2559 volup-

143 2587 203 2636 tate
218 2596 278 2637 non
293 2579 400 2656 capior.
442 2579 488 2640 Ac
505 2598 557 2656 per
575 2578 631 2637 hos
651 2578 713 2638 dies
731 2576 919 2637 libentissime
934 2578 1025 2636 otium
1043 2598 1142 2639 meum

144 2677 176 2734 in
210 2675 308 2735 litteris
344 2677 479 2751 conloco,
508 2695 583 2756 quos
617 2678 664 2736 alii
692 2677 876 2737 otiosissimis
904 2678 1144 2754 occupationibus

100 2796 132 2830 20
145 2774 279 2852 perdunt.
320 2774 402 2835 Vale.

480 2916 531 2970 re.
574 2909 702 2989 (Boon
724 2929 750 2985 9.
775 2905 816 2987 7.)

179 3043 217 3091 As
230 3042 358 3092 Romanus
372 3041 393 3090 is
409 3041 523 3106 building
537 3047 563 3091 at
579 3042 662 3099 Baiae,
673 3057 701 3090 so
717 3041 789 3105 Pliny
804 3057 836 3090 on
851 3041 893 3091 the
904 3041 976 3106 Lago
990 3043 1016 3092 di
1028 3043 1108 3093 Como
1124 3043 1146 3092 is

146 3125 278 3191 enlarging
291 3133 341 3175 two
358 3125 431 3174 villas
447 3126 522 3182 there,
533 3142 592 3189 very
603 3125 712 3175 different
729 3125 753 3173 in
770 3125 833 3174 their
850 3126 966 3175 situation
983 3127 1030 3175 but
1046 3126 1146 3190 equally

92 3273 99 3286 υ
147 3209 278 3258 attractive
291 3215 317 3258 to
329 3208 394 3258 their
404 3214 502 3258 master.

440 3347 465 3388 C.
485 3345 598 3388 PLINIUS
618 3343 739 3388 hortano
760 3346 813 3388 SUO
833 3347 855 3387 S.

188 3459 353 3520 Aedificare
380 3470 409 3521 te
437 3462 547 3521 scribis.
600 3459 681 3520 Bene
709 3472 772 3521 est:
806 3461 903 3521 inveni
930 3460 1124 3538 patrocinium
1135 3483 1144 3536 3

147 3559 271 3622 aedifico
294 3561 372 3620 enim
393 3561 452 3622 iam
471 3561 592 3634 ratione,
613 3560 681 3638 quia
701 3571 806 3621 tecum.
849 3560 928 3621 Nam
949 3561 1006 3622 hoc
1029 3579 1148 3641 quoque
