2646 3914
210 166 368 215 rnrrrns
392 167 435 214 or
457 167 486 213 o.
502 167 648 216 rrrrvrur
669 167 856 215 annotatus
878 167 1068 217 snounnon.
1114 155 1163 239 63w

154 327 243 403 prius,
266 346 364 385 vemm
388 328 425 386 ad
449 328 577 387 honores
601 329 703 388 virtute
727 329 906 405 perveniunt.
949 327 985 386 In
1010 327 1153 386 infinitum

154 426 311 502 epistulam
331 426 494 497 extendam,
517 428 541 485 si
558 428 665 503 gaudio
684 446 752 487 meo
769 421 944 503 indulgeam.
986 425 1153 484 Praevertor

113 543 143 591 25
154 524 194 582 ad
217 542 347 600 eaquae
370 543 418 583 me
441 535 577 600 agentem
601 527 648 584 hic
671 529 789 586 nuntius
815 526 1012 602 deprehendit.
1064 524 1154 582 Eram

154 641 222 680 cum
250 641 409 700 prosocero
431 609 508 695 meo,
534 644 612 684 eram
635 645 703 684 cum
731 627 817 685 amita
841 626 948 695 uxoris,
978 643 1056 683 eram
1086 641 1153 681 cum

152 721 255 779 amicis
298 721 347 778 diu
390 721 566 794 desideratis,
608 724 793 782 circumibam
836 722 955 799 agellos,
999 720 1161 786 audiebam.

152 819 278 878 multum
307 820 478 878 rusticarum
507 822 704 897 querellarum,
730 823 856 882 rationes
886 821 1019 896 legebam
1048 820 1162 878 invitus-

154 928 183 976 et
215 919 321 977 cursim
350 917 422 998 (aliis
451 920 529 978 enim
558 920 669 993 chartis,
695 922 756 980 aliis
785 939 849 979 sum
877 920 975 978 litteris
1002 917 1152 996 initiatus),

112 1037 145 1087 30
154 1035 311 1093 coeperam
345 1019 431 1076 etiam
465 1019 558 1077 itineri
592 1039 640 1079 me
675 1038 856 1097 praeparare.
907 1016 986 1076 Nam
1020 1014 1153 1074 includor

155 1115 296 1192 angustiis
321 1126 500 1176 commeatus
521 1137 615 1194 eoque
637 1121 710 1197 ipso,
733 1121 813 1197 quod
835 1119 998 1194 delegatum
1020 1115 1152 1173 Cornuto

155 1214 242 1272 audio
278 1213 414 1285 officium,
447 1216 505 1274 mei
538 1217 708 1276 admoneor.
765 1217 860 1294 Cupio
889 1227 917 1275 te
950 1233 1065 1292 quoque
1098 1214 1152 1272 sub

154 1313 234 1372 idem
267 1322 383 1388 tempus
415 1311 576 1389 Campania
607 1325 656 1374 tua
686 1318 819 1391 remittat,
849 1336 886 1375 ne
922 1317 993 1392 quis,
1024 1331 1091 1373 cum
1122 1312 1152 1368 in

155 1411 259 1470 urbem
279 1411 400 1481 rediero,
422 1412 611 1473 contubernio
633 1424 733 1475 nostro
754 1416 816 1475 dies
836 1425 942 1494 pereat.
988 1412 1071 1471 Vale.

479 1637 533 1692 49.
577 1631 835 1713 (noou5.1a)

192 1761 264 1825 Pliny
276 1776 400 1826 expresses
411 1762 473 1810 with
484 1764 534 1812 real
546 1765 635 1829 leeling
646 1766 685 1814 his
701 1765 766 1830 grief
777 1765 816 1815 lor
826 1765 868 1814 the
883 1764 958 1813 death
970 1779 1002 1812 on
1014 1763 1055 1811 the
1067 1776 1111 1810 eve
1129 1759 1157 1808 ol

353 1846 474 1910 marriage
486 1847 515 1895 ol
523 1848 671 1897 Fundanius'
684 1848 810 1913 charming
821 1847 950 1911 daughter.

415 1983 439 2024 C·
461 1984 572 2025 PLINIUS
593 1985 779 2026 MARCELLINO
800 1985 854 2026 SUO
875 1982 897 2027 S·

198 2096 393 2157 Tristissimus
414 2098 486 2158 haec
507 2101 558 2159 tibi
579 2101 673 2159 scribo
696 2099 830 2158 Fundani
852 2097 943 2156 nostri
964 2097 1021 2155 lilia
1040 2095 1155 2153 minore

158 2195 302 2256 defuncta.
360 2198 427 2271 Qua
457 2195 552 2276 puella
581 2200 651 2259 nihil
680 2218 820 2277 umquam
844 2198 980 2268 festivius,
1002 2195 1156 2255 amabilius.

156 2313 212 2354 nec
241 2297 331 2355 modo
355 2297 487 2374 longiore
511 2300 576 2370 vita,
599 2299 651 2357 sed
677 2317 770 2376 prope
799 2296 1011 2355 immortalitate
1036 2294 1177 2370 digniusw

117 2399 120 2406 ’
158 2394 223 2452 vidi.
245 2395 409 2454 'Nondum
430 2416 522 2456 annos
544 2397 773 2473 quattuordecim
795 2395 970 2472 impleverat,
986 2403 1015 2452 et
1035 2394 1093 2451 iam
1114 2392 1153 2450 illi

132 2493 239 2557 sanilis
260 2494 421 2568 prudentia,
439 2497 606 2555 matronalis
627 2497 750 2572 gravitas
771 2504 840 2565 erat,
859 2503 887 2552 et
908 2502 1007 2552 tamen
1028 2492 1152 2551 suavitas

156 2593 289 2668 puellaris
311 2613 377 2652 cum
399 2597 527 2672 virginali
541 2578 723 2654 verecundia.
765 2593 806 2652 Ut
824 2594 872 2653 illa
890 2592 978 2669 patris
993 2591 1152 2652 cervicibus

156 2690 341 2751 inhaerebat!
383 2693 424 2752 Ut
439 2713 494 2755 nos
510 2697 619 2754 amicos
634 2705 771 2772 paternos
787 2703 815 2752 et
834 2701 963 2751 amanter
977 2691 1151 2750 etmodeste

156 2792 416 2869 complectebaturt
449 2795 489 2854 Ut
499 2799 633 2868 nutrices,
644 2806 676 2854 ut
690 2794 886 2871 paedagogos,
901 2802 933 2849 ut
947 2801 1152 2868 praeceptores

155 2910 210 2967 pro
234 2909 287 2950 suo
309 2912 454 2970 quemque
475 2894 571 2954 officio
593 2895 746 2972 diligebatl
790 2892 887 2965 Quam
909 2891 1045 2962 studiose,
1061 2907 1149 2966 quam

113 3011 145 3048 ιο
155 2991 353 3068 intellegenter
367 2993 526 3052 lectitabatl
557 2994 598 3052 Ut
612 3013 698 3071 parce
710 2993 909 3069 custoditeque
919 2992 1052 3050 ludebat!
1083 2987 1150 3060 Qua

153 3089 200 3148 illa
222 3092 419 3167 temperantia,
441 3110 498 3168 qua
519 3093 663 3168 patientia,
687 3111 744 3168 qua
764 3092 850 3150 etiam
871 3091 1033 3150 constantia
1053 3088 1150 3146 novis-

155 3189 259 3248 simam
279 3190 472 3249 valetudinem
493 3191 570 3249 tulitl
623 3191 746 3250 Medicis
768 3191 988 3267 obsequebatur,
1011 3204 1149 3256 sororem,

153 3297 265 3364 patrem
280 3289 486 3348 adhortabatur
499 3291 650 3366 ipsamque
670 3308 701 3349 se
721 3289 885 3348 destitutam
899 3287 1029 3364 corporis
1043 3286 1149 3346 viribus

153 3387 252 3463 vigore
267 3389 355 3446 animi
370 3389 535 3447 sustinebat.
577 3388 758 3447 Duravithic
772 3390 916 3466 illiusque
936 3387 973 3446 ad
987 3394 1148 3444 extremum

111 3501 142 3553 15
153 3503 208 3544 nec
224 3496 272 3545 aut
287 3487 380 3563 spatio
395 3488 564 3546 valetudinis
583 3499 632 3547 aut
650 3498 730 3546 metu
748 3487 848 3546 mortis
870 3486 1006 3545 infractus
1022 3497 1073 3558 est,
1088 3505 1147 3563 quo

44 3631 47 3638 r
151 3584 248 3660 plures
270 3586 473 3664 gravioresque
494 3589 580 3647 nobis
601 3606 703 3647 causas
723 3588 895 3664 relinqueret
916 3597 945 3647 et
966 3585 1099 3646 desiderii
1121 3597 1149 3644 et
