<?xml version="1.0" encoding="UTF-8"?>
<!DOCTYPE html PUBLIC "-//W3C//DTD XHTML 1.0 Transitional//EN"
    "http://www.w3.org/TR/xhtml1/DTD/xhtml1-transitional.dtd">
<html xmlns="http://www.w3.org/1999/xhtml" xml:lang="en" lang="en">
 <head>
  <title>
</title>
<meta http-equiv="Content-Type" content="text/html;charset=utf-8" />
  <meta name='ocr-system' content='tesseract 3.04.00' />
  <meta name='ocr-capabilities' content='ocr_page ocr_carea ocr_par ocr_line ocrx_word'/>
</head>
<body>
  <div class='ocr_page' id='page_1' title='image "./selectedletters05plingoog_0079.png"; bbox 0 0 2646 3914; ppageno 0'>
   <div class='ocr_carea' id='block_1_1' title="bbox 183 129 913 192">
    <p class='ocr_par' dir='ltr' id='par_1_1' title="bbox 183 129 913 192">
     <span class='ocr_line' id='line_1_1' title="bbox 183 129 913 192; baseline 0.001 -3"><span class='ocrx_word' id='word_1_1' title='bbox 183 129 225 189; x_wconf 90' lang='lat'>66</span> <span class='ocrx_word' id='word_1_2' title='bbox 454 143 476 189; x_wconf 76' lang='lat' dir='ltr'>a</span> <span class='ocrx_word' id='word_1_3' title='bbox 502 143 698 192; x_wconf 80' lang='lat' dir='ltr'>snrnorron</span> <span class='ocrx_word' id='word_1_4' title='bbox 717 144 822 192; x_wconf 77' lang='lat' dir='ltr'>raon</span> <span class='ocrx_word' id='word_1_5' title='bbox 843 143 913 192; x_wconf 80' lang='lat' dir='ltr'>rna</span> 
     </span>
    </p>
   </div>
   <div class='ocr_carea' id='block_1_2' title="bbox 181 303 1185 382">
    <p class='ocr_par' dir='ltr' id='par_1_2' title="bbox 181 303 1185 382">
     <span class='ocr_line' id='line_1_2' title="bbox 181 303 1185 382; baseline 0.004 -22"><span class='ocrx_word' id='word_1_6' title='bbox 181 304 366 362; x_wconf 84' lang='lat' dir='ltr'>recitaturum</span> <span class='ocrx_word' id='word_1_7' title='bbox 389 303 485 361; x_wconf 88' lang='lat' dir='ltr'>statim</span> <span class='ocrx_word' id='word_1_8' title='bbox 505 313 538 362; x_wconf 88' lang='lat' dir='ltr'>ut</span> <span class='ocrx_word' id='word_1_9' title='bbox 560 304 705 362; x_wconf 84' lang='lat' dir='ltr'>venissem</span> <span class='ocrx_word' id='word_1_10' title='bbox 726 304 956 381; x_wconf 81' lang='lat' dir='ltr'>pollicebantur3</span> <span class='ocrx_word' id='word_1_11' title='bbox 988 325 1045 382; x_wconf 85' lang='lat' dir='ltr'>ago</span> <span class='ocrx_word' id='word_1_12' title='bbox 1068 306 1185 382; x_wconf 65' lang='lat' dir='ltr'>gratias</span> 
     </span>
    </p>
   </div>
   <div class='ocr_carea' id='block_1_3' title="bbox 182 402 1208 578">
    <p class='ocr_par' dir='ltr' id='par_1_3' title="bbox 182 402 1208 578">
     <span class='ocr_line' id='line_1_3' title="bbox 182 402 1208 480; baseline 0.005 -20"><span class='ocrx_word' id='word_1_13' title='bbox 182 402 262 478; x_wconf 92' lang='lat' dir='ltr'>quod</span> <span class='ocrx_word' id='word_1_14' title='bbox 271 413 415 478; x_wconf 88' lang='lat' dir='ltr'>expector.</span> <span class='ocrx_word' id='word_1_15' title='bbox 451 402 547 461; x_wconf 87' lang='lat' dir='ltr'><strong>Triste</strong></span> <span class='ocrx_word' id='word_1_16' title='bbox 557 402 635 474; x_wconf 93' lang='lat' dir='ltr'>illud,</span> <span class='ocrx_word' id='word_1_17' title='bbox 648 403 728 478; x_wconf 90' lang='lat' dir='ltr'>quod</span> <span class='ocrx_word' id='word_1_18' title='bbox 738 403 827 462; x_wconf 90' lang='lat' dir='ltr'>lulius</span> <span class='ocrx_word' id='word_1_19' title='bbox 837 403 946 462; x_wconf 88' lang='lat' dir='ltr'>Valens</span> <span class='ocrx_word' id='word_1_20' title='bbox 958 405 1082 480; x_wconf 86' lang='lat' dir='ltr'>graviter</span> <span class='ocrx_word' id='word_1_21' title='bbox 1090 405 1183 463; x_wconf 87' lang='lat' dir='ltr'>iacet:</span> <span class='ocrx_word' id='word_1_22' title='bbox 1195 417 1208 465; x_wconf 85' lang='lat'>5</span> 
     </span>
     <span class='ocr_line' id='line_1_4' title="bbox 182 496 1184 578; baseline 0.003 -23"><span class='ocrx_word' id='word_1_23' title='bbox 182 515 360 573; x_wconf 86' lang='lat' dir='ltr'>quamquam</span> <span class='ocrx_word' id='word_1_24' title='bbox 374 515 411 554; x_wconf 96' lang='lat' dir='ltr'>ne</span> <span class='ocrx_word' id='word_1_25' title='bbox 425 496 482 555; x_wconf 90' lang='lat' dir='ltr'>hoc</span> <span class='ocrx_word' id='word_1_26' title='bbox 500 496 619 578; x_wconf 89' lang='lat' dir='ltr'>quidem</span> <span class='ocrx_word' id='word_1_27' title='bbox 633 498 721 564; x_wconf 89' lang='lat' dir='ltr'>triste,</span> <span class='ocrx_word' id='word_1_28' title='bbox 737 499 761 556; x_wconf 92' lang='lat' dir='ltr'>si</span> <span class='ocrx_word' id='word_1_29' title='bbox 775 499 849 556; x_wconf 92' lang='lat' dir='ltr'>illius</span> <span class='ocrx_word' id='word_1_30' title='bbox 863 499 1030 557; x_wconf 86' lang='lat' dir='ltr'>utilitatibus</span> <span class='ocrx_word' id='word_1_31' title='bbox 1050 499 1184 558; x_wconf 89' lang='lat' dir='ltr'>aestime-</span> 
     </span>
    </p>
   </div>
   <div class='ocr_carea' id='block_1_4' title="bbox 179 596 1226 1862">
    <p class='ocr_par' dir='ltr' id='par_1_4' title="bbox 179 596 1226 1862">
     <span class='ocr_line' id='line_1_5' title="bbox 181 596 1183 673; baseline 0.004 -22"><span class='ocrx_word' id='word_1_32' title='bbox 181 603 235 665; x_wconf 85' lang='lat' dir='ltr'>tur,</span> <span class='ocrx_word' id='word_1_33' title='bbox 264 596 344 654; x_wconf 88' lang='lat' dir='ltr'>cuius</span> <span class='ocrx_word' id='word_1_34' title='bbox 372 597 489 654; x_wconf 90' lang='lat' dir='ltr'>interest</span> <span class='ocrx_word' id='word_1_35' title='bbox 516 613 605 673; x_wconf 89' lang='lat' dir='ltr'>quarn</span> <span class='ocrx_word' id='word_1_36' title='bbox 636 597 828 655; x_wconf 85' lang='lat' dir='ltr'>maturissime</span> <span class='ocrx_word' id='word_1_37' title='bbox 856 597 1048 673; x_wconf 84' lang='lat' dir='ltr'>inexplicabili</span> <span class='ocrx_word' id='word_1_38' title='bbox 1076 599 1183 656; x_wconf 88' lang='lat' dir='ltr'>morbo</span> 
     </span>
     <span class='ocr_line' id='line_1_6' title="bbox 181 695 1182 771; baseline 0.004 -21"><span class='ocrx_word' id='word_1_39' title='bbox 181 695 302 754; x_wconf 88' lang='lat' dir='ltr'>liberari.</span> <span class='ocrx_word' id='word_1_40' title='bbox 344 695 418 754; x_wconf 89' lang='lat' dir='ltr'>Illud</span> <span class='ocrx_word' id='word_1_41' title='bbox 441 695 528 771; x_wconf 89' lang='lat' dir='ltr'>plane</span> <span class='ocrx_word' id='word_1_42' title='bbox 549 715 609 754; x_wconf 91' lang='lat' dir='ltr'>non</span> <span class='ocrx_word' id='word_1_43' title='bbox 630 697 708 755; x_wconf 90' lang='lat' dir='ltr'>triste</span> <span class='ocrx_word' id='word_1_44' title='bbox 730 697 824 755; x_wconf 90' lang='lat' dir='ltr'>solum</span> <span class='ocrx_word' id='word_1_45' title='bbox 845 714 944 754; x_wconf 88' lang='lat' dir='ltr'>verum</span> <span class='ocrx_word' id='word_1_46' title='bbox 963 697 1050 755; x_wconf 85' lang='lat' dir='ltr'>etiam</span> <span class='ocrx_word' id='word_1_47' title='bbox 1069 697 1182 754; x_wconf 91' lang='lat' dir='ltr'>luctuo-</span> 
     </span>
     <span class='ocr_line' id='line_1_7' title="bbox 181 796 1181 873; baseline 0.001 -20"><span class='ocrx_word' id='word_1_48' title='bbox 181 813 255 865; x_wconf 88' lang='lat' dir='ltr'>sum,</span> <span class='ocrx_word' id='word_1_49' title='bbox 277 796 358 872; x_wconf 91' lang='lat' dir='ltr'>quod</span> <span class='ocrx_word' id='word_1_50' title='bbox 379 796 468 854; x_wconf 91' lang='lat' dir='ltr'>lulius</span> <span class='ocrx_word' id='word_1_51' title='bbox 493 796 595 855; x_wconf 80' lang='lat' dir='ltr'>Avitus</span> <span class='ocrx_word' id='word_1_52' title='bbox 621 797 752 868; x_wconf 87' lang='lat' dir='ltr'>decessit,</span> <span class='ocrx_word' id='word_1_53' title='bbox 774 797 845 855; x_wconf 92' lang='lat' dir='ltr'>dum</span> <span class='ocrx_word' id='word_1_54' title='bbox 866 815 903 854; x_wconf 91' lang='lat' dir='ltr'>ex</span> <span class='ocrx_word' id='word_1_55' title='bbox 923 806 1077 873; x_wconf 86' lang='lat' dir='ltr'>quaestura</span> <span class='ocrx_word' id='word_1_56' title='bbox 1097 797 1181 866; x_wconf 90' lang='lat' dir='ltr'>redit,</span> 
     </span>
     <span class='ocr_line' id='line_1_8' title="bbox 181 894 1226 971; baseline -0.002 -20"><span class='ocrx_word' id='word_1_57' title='bbox 181 894 305 953; x_wconf 90' lang='lat' dir='ltr'>decessit</span> <span class='ocrx_word' id='word_1_58' title='bbox 319 895 349 952; x_wconf 94' lang='lat' dir='ltr'>in</span> <span class='ocrx_word' id='word_1_59' title='bbox 364 914 445 966; x_wconf 89' lang='lat' dir='ltr'>nave,</span> <span class='ocrx_word' id='word_1_60' title='bbox 461 896 563 971; x_wconf 89' lang='lat' dir='ltr'>procul</span> <span class='ocrx_word' id='word_1_61' title='bbox 577 915 595 954; x_wconf 91' lang='lat' dir='ltr'>a</span> <span class='ocrx_word' id='word_1_62' title='bbox 608 895 692 954; x_wconf 87' lang='lat' dir='ltr'>fratre</span> <span class='ocrx_word' id='word_1_63' title='bbox 707 895 916 967; x_wconf 90' lang='lat' dir='ltr'>amantissimo,</span> <span class='ocrx_word' id='word_1_64' title='bbox 931 896 1034 971; x_wconf 90' lang='lat' dir='ltr'>procul</span> <span class='ocrx_word' id='word_1_65' title='bbox 1048 905 1180 968; x_wconf 87' lang='lat' dir='ltr'>amatre,</span> <span class='ocrx_word' id='word_1_66' title='bbox 1195 917 1226 950; x_wconf 86' lang='grc' dir='ltr'>ιο</span> 
     </span>
     <span class='ocr_line' id='line_1_9' title="bbox 180 993 1181 1070; baseline 0.002 -20"><span class='ocrx_word' id='word_1_67' title='bbox 180 995 369 1052; x_wconf 89' lang='lat' dir='ltr'>asororibus.</span> <span class='ocrx_word' id='word_1_68' title='bbox 405 993 491 1060; x_wconf 18' lang='lat' dir='ltr'>*Nihil</span> <span class='ocrx_word' id='word_1_69' title='bbox 510 996 564 1053; x_wconf 92' lang='lat' dir='ltr'>ista</span> <span class='ocrx_word' id='word_1_70' title='bbox 585 995 624 1053; x_wconf 92' lang='lat' dir='ltr'>ad</span> <span class='ocrx_word' id='word_1_71' title='bbox 643 1004 791 1054; x_wconf 88' lang='lat' dir='ltr'>mortuum</span> <span class='ocrx_word' id='word_1_72' title='bbox 812 995 965 1070; x_wconf 88' lang='lat' dir='ltr'>pertinent,</span> <span class='ocrx_word' id='word_1_73' title='bbox 982 995 1034 1053; x_wconf 91' lang='lat' dir='ltr'>sed</span> <span class='ocrx_word' id='word_1_74' title='bbox 1051 995 1181 1070; x_wconf 88' lang='lat' dir='ltr'>pertinu-</span> 
     </span>
     <span class='ocr_line' id='line_1_10' title="bbox 180 1093 1181 1170; baseline 0 -20"><span class='ocrx_word' id='word_1_75' title='bbox 180 1103 271 1164; x_wconf 89' lang='lat' dir='ltr'>erunt,</span> <span class='ocrx_word' id='word_1_76' title='bbox 287 1112 354 1151; x_wconf 92' lang='lat' dir='ltr'>cum</span> <span class='ocrx_word' id='word_1_77' title='bbox 369 1103 535 1163; x_wconf 88' lang='lat' dir='ltr'>moreretur,</span> <span class='ocrx_word' id='word_1_78' title='bbox 552 1096 696 1170; x_wconf 88' lang='lat' dir='ltr'>pertinent</span> <span class='ocrx_word' id='word_1_79' title='bbox 708 1093 748 1152; x_wconf 95' lang='lat' dir='ltr'>ad</span> <span class='ocrx_word' id='word_1_80' title='bbox 767 1094 822 1153; x_wconf 89' lang='lat' dir='ltr'>hos</span> <span class='ocrx_word' id='word_1_81' title='bbox 841 1095 891 1170; x_wconf 93' lang='lat' dir='ltr'>qui</span> <span class='ocrx_word' id='word_1_82' title='bbox 909 1104 1072 1170; x_wconf 88' lang='lat' dir='ltr'>supersunt.</span> <span class='ocrx_word' id='word_1_83' title='bbox 1115 1093 1181 1151; x_wconf 88' lang='lat' dir='ltr'>Iam</span> 
     </span>
     <span class='ocr_line' id='line_1_11' title="bbox 181 1191 1181 1268; baseline 0.002 -20"><span class='ocrx_word' id='word_1_84' title='bbox 181 1191 261 1267; x_wconf 93' lang='lat' dir='ltr'>quod</span> <span class='ocrx_word' id='word_1_85' title='bbox 289 1192 319 1248; x_wconf 90' lang='lat' dir='ltr'>in</span> <span class='ocrx_word' id='word_1_86' title='bbox 347 1191 418 1249; x_wconf 91' lang='lat' dir='ltr'>flore</span> <span class='ocrx_word' id='word_1_87' title='bbox 446 1193 541 1268; x_wconf 91' lang='lat' dir='ltr'>primo</span> <span class='ocrx_word' id='word_1_88' title='bbox 569 1202 666 1252; x_wconf 87' lang='lat' dir='ltr'>tantae</span> <span class='ocrx_word' id='word_1_89' title='bbox 695 1193 799 1251; x_wconf 92' lang='lat' dir='ltr'>indolis</span> <span class='ocrx_word' id='word_1_90' title='bbox 827 1193 936 1249; x_wconf 88' lang='lat' dir='ltr'>iuvenis</span> <span class='ocrx_word' id='word_1_91' title='bbox 965 1193 1108 1252; x_wconf 85' lang='lat' dir='ltr'>extinctus</span> <span class='ocrx_word' id='word_1_92' title='bbox 1135 1203 1181 1250; x_wconf 90' lang='lat' dir='ltr'>est</span> 
     </span>
     <span class='ocr_line' id='line_1_12' title="bbox 181 1290 1180 1362; baseline 0 -14"><span class='ocrx_word' id='word_1_93' title='bbox 181 1308 294 1348; x_wconf 88' lang='lat' dir='ltr'>summa</span> <span class='ocrx_word' id='word_1_94' title='bbox 309 1299 524 1362; x_wconf 87' lang='lat' dir='ltr'>consecuturus,</span> <span class='ocrx_word' id='word_1_95' title='bbox 540 1293 564 1348; x_wconf 91' lang='lat' dir='ltr'>si</span> <span class='ocrx_word' id='word_1_96' title='bbox 577 1293 694 1350; x_wconf 89' lang='lat' dir='ltr'>virtutes</span> <span class='ocrx_word' id='word_1_97' title='bbox 709 1293 769 1350; x_wconf 92' lang='lat' dir='ltr'>eius</span> <span class='ocrx_word' id='word_1_98' title='bbox 784 1290 1003 1349; x_wconf 85' lang='lat' dir='ltr'>maturuissentl</span> <span class='ocrx_word' id='word_1_99' title='bbox 1047 1290 1117 1362; x_wconf 90' lang='lat' dir='ltr'>Quo</span> <span class='ocrx_word' id='word_1_100' title='bbox 1131 1291 1180 1348; x_wconf 91' lang='lat' dir='ltr'>ille</span> 
     </span>
     <span class='ocr_line' id='line_1_13' title="bbox 181 1389 1222 1466; baseline -0.002 -20"><span class='ocrx_word' id='word_1_101' title='bbox 181 1389 342 1447; x_wconf 90' lang='lat' dir='ltr'>studiorum</span> <span class='ocrx_word' id='word_1_102' title='bbox 362 1406 460 1446; x_wconf 91' lang='lat' dir='ltr'>amore</span> <span class='ocrx_word' id='word_1_103' title='bbox 474 1389 630 1466; x_wconf 85' lang='lat' dir='ltr'>flagrabatl</span> <span class='ocrx_word' id='word_1_104' title='bbox 673 1391 823 1463; x_wconf 89' lang='lat' dir='ltr'>Quantum</span> <span class='ocrx_word' id='word_1_105' title='bbox 843 1390 921 1464; x_wconf 82' lang='lat' dir='ltr'>legit,</span> <span class='ocrx_word' id='word_1_106' title='bbox 935 1397 1076 1466; x_wconf 91' lang='lat' dir='ltr'>quantum</span> <span class='ocrx_word' id='word_1_107' title='bbox 1091 1390 1180 1447; x_wconf 89' lang='lat' dir='ltr'>etiam</span> <span class='ocrx_word' id='word_1_108' title='bbox 1193 1410 1222 1458; x_wconf 88' lang='lat'>15</span> 
     </span>
     <span class='ocr_line' id='line_1_14' title="bbox 181 1487 1180 1565; baseline 0 -19"><span class='ocrx_word' id='word_1_109' title='bbox 181 1488 309 1563; x_wconf 82' lang='lat' dir='ltr'>scripsit!</span> <span class='ocrx_word' id='word_1_110' title='bbox 352 1487 436 1559; x_wconf 82' lang='lat' dir='ltr'>Quae</span> <span class='ocrx_word' id='word_1_111' title='bbox 451 1507 530 1547; x_wconf 91' lang='lat' dir='ltr'>nunc</span> <span class='ocrx_word' id='word_1_112' title='bbox 544 1490 643 1548; x_wconf 89' lang='lat' dir='ltr'>omnia</span> <span class='ocrx_word' id='word_1_113' title='bbox 657 1509 724 1548; x_wconf 93' lang='lat' dir='ltr'>cum</span> <span class='ocrx_word' id='word_1_114' title='bbox 738 1490 804 1565; x_wconf 92' lang='lat' dir='ltr'>ipso</span> <span class='ocrx_word' id='word_1_115' title='bbox 820 1489 881 1546; x_wconf 92' lang='lat' dir='ltr'>sine</span> <span class='ocrx_word' id='word_1_116' title='bbox 896 1488 990 1547; x_wconf 83' lang='lat' dir='ltr'>fructu</span> <span class='ocrx_word' id='word_1_117' title='bbox 1003 1489 1180 1565; x_wconf 87' lang='lat' dir='ltr'>posteritatis</span> 
     </span>
     <span class='ocr_line' id='line_1_15' title="bbox 180 1585 1181 1674; baseline 0.003 -31"><span class='ocrx_word' id='word_1_118' title='bbox 180 1586 319 1674; x_wconf 84' lang='lat' dir='ltr'>abierunt.</span> <span class='ocrx_word' id='word_1_119' title='bbox 372 1587 431 1647; x_wconf 91' lang='lat' dir='ltr'>Sed</span> <span class='ocrx_word' id='word_1_120' title='bbox 453 1588 523 1664; x_wconf 92' lang='lat' dir='ltr'>quid</span> <span class='ocrx_word' id='word_1_121' title='bbox 547 1607 604 1666; x_wconf 86' lang='lat' dir='ltr'>ego</span> <span class='ocrx_word' id='word_1_122' title='bbox 628 1588 766 1664; x_wconf 86' lang='lat' dir='ltr'>indulgeo</span> <span class='ocrx_word' id='word_1_123' title='bbox 793 1587 906 1645; x_wconf 86' lang='lat' dir='ltr'>dolori?</span> <span class='ocrx_word' id='word_1_124' title='bbox 952 1587 1007 1646; x_wconf 92' lang='lat' dir='ltr'>Cui</span> <span class='ocrx_word' id='word_1_125' title='bbox 1032 1587 1056 1645; x_wconf 90' lang='lat' dir='ltr'>si</span> <span class='ocrx_word' id='word_1_126' title='bbox 1081 1585 1181 1646; x_wconf 85' lang='lat' dir='ltr'>frenos</span> 
     </span>
     <span class='ocr_line' id='line_1_16' title="bbox 180 1685 1180 1761; baseline 0.003 -20"><span class='ocrx_word' id='word_1_127' title='bbox 180 1685 314 1757; x_wconf 81' lang='lat' dir='ltr'>remittas,</span> <span class='ocrx_word' id='word_1_128' title='bbox 339 1685 417 1744; x_wconf 90' lang='lat' dir='ltr'>nulla</span> <span class='ocrx_word' id='word_1_129' title='bbox 441 1688 561 1745; x_wconf 87' lang='lat' dir='ltr'>materia</span> <span class='ocrx_word' id='word_1_130' title='bbox 584 1706 645 1746; x_wconf 92' lang='lat' dir='ltr'>non</span> <span class='ocrx_word' id='word_1_131' title='bbox 668 1687 796 1744; x_wconf 87' lang='lat' dir='ltr'>maxima</span> <span class='ocrx_word' id='word_1_132' title='bbox 817 1694 869 1744; x_wconf 91' lang='lat' dir='ltr'>est.</span> <span class='ocrx_word' id='word_1_133' title='bbox 912 1685 1015 1744; x_wconf 89' lang='lat' dir='ltr'>Finem</span> <span class='ocrx_word' id='word_1_134' title='bbox 1039 1686 1180 1761; x_wconf 86' lang='lat' dir='ltr'>epistulae</span> 
     </span>
     <span class='ocr_line' id='line_1_17' title="bbox 179 1784 1180 1862; baseline 0.001 -21"><span class='ocrx_word' id='word_1_135' title='bbox 179 1784 301 1842; x_wconf 89' lang='lat' dir='ltr'>faciam:</span> <span class='ocrx_word' id='word_1_136' title='bbox 331 1795 363 1842; x_wconf 94' lang='lat' dir='ltr'>ut</span> <span class='ocrx_word' id='word_1_137' title='bbox 383 1785 477 1844; x_wconf 86' lang='lat' dir='ltr'>facere</span> <span class='ocrx_word' id='word_1_138' title='bbox 498 1787 610 1862; x_wconf 89' lang='lat' dir='ltr'>possim</span> <span class='ocrx_word' id='word_1_139' title='bbox 632 1787 718 1844; x_wconf 91' lang='lat' dir='ltr'>etiam</span> <span class='ocrx_word' id='word_1_140' title='bbox 738 1785 871 1856; x_wconf 85' lang='lat' dir='ltr'>lacrimis,</span> <span class='ocrx_word' id='word_1_141' title='bbox 891 1803 964 1861; x_wconf 89' lang='lat' dir='ltr'>quas</span> <span class='ocrx_word' id='word_1_142' title='bbox 983 1784 1106 1860; x_wconf 88' lang='lat' dir='ltr'>epistula</span> <span class='ocrx_word' id='word_1_143' title='bbox 1129 1803 1180 1842; x_wconf 84' lang='lat' dir='ltr'>ex-</span> 
     </span>
    </p>
   </div>
   <div class='ocr_carea' id='block_1_5' title="bbox 179 1881 1319 1958">
    <p class='ocr_par' dir='ltr' id='par_1_5' title="bbox 179 1881 1319 1958">
     <span class='ocr_line' id='line_1_18' title="bbox 179 1881 1319 1958; baseline -0.004 -20"><span class='ocrx_word' id='word_1_144' title='bbox 179 1884 298 1958; x_wconf 90' lang='lat' dir='ltr'>pressitl</span> <span class='ocrx_word' id='word_1_145' title='bbox 340 1883 422 1941; x_wconf 84' lang='lat' dir='ltr'>Vale.</span> <span class='ocrx_word' id='word_1_146' title='bbox 1193 1901 1224 1934; x_wconf 89' lang='lat'>20</span> <span class='ocrx_word' id='word_1_147' title='bbox 1318 1881 1319 1884; x_wconf 75' lang='grc'>’</span> 
     </span>
    </p>
   </div>
   <div class='ocr_carea' id='block_1_6' title="bbox 515 2119 852 2200">
    <p class='ocr_par' dir='ltr' id='par_1_6' title="bbox 515 2119 852 2200">
     <span class='ocr_line' id='line_1_19' title="bbox 515 2119 852 2200; baseline 0 -22"><span class='ocrx_word' id='word_1_148' title='bbox 515 2123 566 2178; x_wconf 84' lang='lat'>52.</span> <span class='ocrx_word' id='word_1_149' title='bbox 608 2119 738 2200; x_wconf 70' lang='lat' dir='ltr'>(soon</span> <span class='ocrx_word' id='word_1_150' title='bbox 761 2123 788 2180; x_wconf 79' lang='lat'>⁶.</span> <span class='ocrx_word' id='word_1_151' title='bbox 813 2119 852 2200; x_wconf 87' lang='lat'>2.)</span> 
     </span>
    </p>
   </div>
   <div class='ocr_carea' id='block_1_7' title="bbox 178 2250 1180 2480">
    <p class='ocr_par' dir='ltr' id='par_1_7' title="bbox 178 2250 1180 2480">
     <span class='ocr_line' id='line_1_20' title="bbox 212 2250 1180 2316; baseline 0 -16"><span class='ocrx_word' id='word_1_152' title='bbox 212 2252 281 2300; x_wconf 83' lang='lat' dir='ltr'>Even</span> <span class='ocrx_word' id='word_1_153' title='bbox 296 2252 337 2299; x_wconf 92' lang='lat' dir='ltr'>the</span> <span class='ocrx_word' id='word_1_154' title='bbox 354 2251 403 2299; x_wconf 92' lang='lat' dir='ltr'>loss</span> <span class='ocrx_word' id='word_1_155' title='bbox 414 2250 444 2299; x_wconf 82' lang='lat' dir='ltr'>of</span> <span class='ocrx_word' id='word_1_156' title='bbox 457 2251 567 2316; x_wconf 83' lang='lat' dir='ltr'>Regulus</span> <span class='ocrx_word' id='word_1_157' title='bbox 579 2257 644 2300; x_wconf 90' lang='lat' dir='ltr'>must</span> <span class='ocrx_word' id='word_1_158' title='bbox 656 2253 687 2300; x_wconf 90' lang='lat' dir='ltr'>be</span> <span class='ocrx_word' id='word_1_159' title='bbox 699 2251 820 2315; x_wconf 85' lang='lat' dir='ltr'>regretted</span> <span class='ocrx_word' id='word_1_160' title='bbox 837 2267 864 2300; x_wconf 91' lang='lat' dir='ltr'>as</span> <span class='ocrx_word' id='word_1_161' title='bbox 881 2251 935 2300; x_wconf 87' lang='lat' dir='ltr'>that</span> <span class='ocrx_word' id='word_1_162' title='bbox 947 2251 977 2300; x_wconf 85' lang='lat' dir='ltr'>of</span> <span class='ocrx_word' id='word_1_163' title='bbox 990 2268 1004 2300; x_wconf 88' lang='lat' dir='ltr'>a</span> <span class='ocrx_word' id='word_1_164' title='bbox 1021 2250 1180 2315; x_wconf 83' lang='lat' dir='ltr'>painstaking</span> 
     </span>
     <span class='ocr_line' id='line_1_21' title="bbox 178 2333 1180 2399; baseline -0.002 -15"><span class='ocrx_word' id='word_1_165' title='bbox 178 2335 306 2390; x_wconf 89' lang='lat' dir='ltr'>advocate,</span> <span class='ocrx_word' id='word_1_166' title='bbox 324 2333 371 2382; x_wconf 91' lang='lat' dir='ltr'>and</span> <span class='ocrx_word' id='word_1_167' title='bbox 392 2350 407 2382; x_wconf 89' lang='lat' dir='ltr'>a</span> <span class='ocrx_word' id='word_1_168' title='bbox 430 2334 516 2397; x_wconf 89' lang='lat' dir='ltr'>steady</span> <span class='ocrx_word' id='word_1_169' title='bbox 534 2341 660 2399; x_wconf 90' lang='lat' dir='ltr'>opponent</span> <span class='ocrx_word' id='word_1_170' title='bbox 676 2333 706 2384; x_wconf 86' lang='lat' dir='ltr'>of</span> <span class='ocrx_word' id='word_1_171' title='bbox 719 2335 761 2383; x_wconf 90' lang='lat' dir='ltr'>the</span> <span class='ocrx_word' id='word_1_172' title='bbox 785 2334 887 2383; x_wconf 90' lang='lat' dir='ltr'>modern</span> <span class='ocrx_word' id='word_1_173' title='bbox 903 2334 1000 2384; x_wconf 89' lang='lat' dir='ltr'>sashion</span> <span class='ocrx_word' id='word_1_174' title='bbox 1017 2335 1047 2384; x_wconf 86' lang='lat' dir='ltr'>oi</span> <span class='ocrx_word' id='word_1_175' title='bbox 1059 2335 1180 2398; x_wconf 89' lang='lat' dir='ltr'>hurrying</span> 
     </span>
     <span class='ocr_line' id='line_1_22' title="bbox 179 2416 521 2480; baseline 0 -16"><span class='ocrx_word' id='word_1_176' title='bbox 179 2432 247 2466; x_wconf 90' lang='lat' dir='ltr'>cases</span> <span class='ocrx_word' id='word_1_177' title='bbox 259 2417 366 2480; x_wconf 87' lang='lat' dir='ltr'>through</span> <span class='ocrx_word' id='word_1_178' title='bbox 378 2416 420 2465; x_wconf 91' lang='lat' dir='ltr'>the</span> <span class='ocrx_word' id='word_1_179' title='bbox 432 2423 521 2464; x_wconf 91' lang='lat' dir='ltr'>courts.</span> 
     </span>
    </p>
   </div>
   <div class='ocr_carea' id='block_1_8' title="bbox 467 2553 892 2595">
    <p class='ocr_par' dir='ltr' id='par_1_8' title="bbox 467 2553 892 2595">
     <span class='ocr_line' id='line_1_23' title="bbox 467 2553 892 2595; baseline 0 -3"><span class='ocrx_word' id='word_1_180' title='bbox 467 2553 492 2593; x_wconf 88' lang='lat' dir='ltr'>C.</span> <span class='ocrx_word' id='word_1_181' title='bbox 514 2554 625 2594; x_wconf 89' lang='lat' dir='ltr'><strong>PLINIUS</strong></span> <span class='ocrx_word' id='word_1_182' title='bbox 647 2555 775 2595; x_wconf 83' lang='lat' dir='ltr'><strong>ARRIANO</strong></span> <span class='ocrx_word' id='word_1_183' title='bbox 795 2554 849 2594; x_wconf 89' lang='lat' dir='ltr'>SUO</span> <span class='ocrx_word' id='word_1_184' title='bbox 870 2554 892 2593; x_wconf 90' lang='lat' dir='ltr'>S.</span> 
     </span>
    </p>
   </div>
   <div class='ocr_carea' id='block_1_9' title="bbox 179 2663 1222 3634">
    <p class='ocr_par' dir='ltr' id='par_1_9' title="bbox 179 2663 1222 3634">
     <span class='ocr_line' id='line_1_24' title="bbox 221 2663 1178 2743; baseline 0.003 -19"><span class='ocrx_word' id='word_1_185' title='bbox 221 2665 308 2724; x_wconf 91' lang='lat' dir='ltr'>Soleo</span> <span class='ocrx_word' id='word_1_186' title='bbox 331 2683 392 2724; x_wconf 91' lang='lat' dir='ltr'>non</span> <span class='ocrx_word' id='word_1_187' title='bbox 415 2684 574 2742; x_wconf 90' lang='lat' dir='ltr'>numquam</span> <span class='ocrx_word' id='word_1_188' title='bbox 597 2669 627 2724; x_wconf 92' lang='lat' dir='ltr'>in</span> <span class='ocrx_word' id='word_1_189' title='bbox 649 2669 759 2726; x_wconf 90' lang='lat' dir='ltr'>iudiciis</span> <span class='ocrx_word' id='word_1_190' title='bbox 784 2686 922 2743; x_wconf 91' lang='lat' dir='ltr'>quaerere</span> <span class='ocrx_word' id='word_1_191' title='bbox 947 2667 989 2726; x_wconf 93' lang='lat' dir='ltr'>M.</span> <span class='ocrx_word' id='word_1_192' title='bbox 1012 2663 1178 2743; x_wconf 81' lang='lat' dir='ltr'>Regulum:</span> 
     </span>
     <span class='ocr_line' id='line_1_25' title="bbox 180 2762 1179 2842; baseline 0.005 -21"><span class='ocrx_word' id='word_1_193' title='bbox 180 2764 249 2822; x_wconf 90' lang='lat' dir='ltr'>nolo</span> <span class='ocrx_word' id='word_1_194' title='bbox 272 2765 349 2821; x_wconf 91' lang='lat' dir='ltr'>enim</span> <span class='ocrx_word' id='word_1_195' title='bbox 371 2762 464 2822; x_wconf 91' lang='lat' dir='ltr'>dicere</span> <span class='ocrx_word' id='word_1_196' title='bbox 485 2765 655 2824; x_wconf 89' lang='lat' dir='ltr'>desiderare.</span> <span class='ocrx_word' id='word_1_197' title='bbox 697 2765 756 2824; x_wconf 92' lang='lat' dir='ltr'>Cur</span> <span class='ocrx_word' id='word_1_198' title='bbox 774 2785 846 2842; x_wconf 88' lang='lat' dir='ltr'>ergo</span> <span class='ocrx_word' id='word_1_199' title='bbox 865 2769 994 2841; x_wconf 86' lang='lat' dir='ltr'>quaero?</span> <span class='ocrx_word' id='word_1_200' title='bbox 1037 2766 1179 2826; x_wconf 88' lang='lat' dir='ltr'>Habebat</span> 
     </span>
     <span class='ocr_line' id='line_1_26' title="bbox 181 2862 1180 2942; baseline 0.002 -21"><span class='ocrx_word' id='word_1_201' title='bbox 181 2863 281 2921; x_wconf 92' lang='lat' dir='ltr'>studiis</span> <span class='ocrx_word' id='word_1_202' title='bbox 305 2862 456 2934; x_wconf 88' lang='lat' dir='ltr'>honorem,</span> <span class='ocrx_word' id='word_1_203' title='bbox 479 2864 606 2935; x_wconf 84' lang='lat' dir='ltr'>timebat,</span> <span class='ocrx_word' id='word_1_204' title='bbox 630 2865 764 2942; x_wconf 89' lang='lat' dir='ltr'>pallebat,</span> <span class='ocrx_word' id='word_1_205' title='bbox 787 2865 937 2934; x_wconf 87' lang='lat' dir='ltr'>scribebat,</span> <span class='ocrx_word' id='word_1_206' title='bbox 963 2866 1094 2940; x_wconf 89' lang='lat' dir='ltr'>quamvis</span> <span class='ocrx_word' id='word_1_207' title='bbox 1115 2883 1180 2924; x_wconf 92' lang='lat' dir='ltr'>non</span> 
     </span>
     <span class='ocr_line' id='line_1_27' title="bbox 180 2962 1179 3039; baseline 0 -19"><span class='ocrx_word' id='word_1_208' title='bbox 180 2972 280 3039; x_wconf 88' lang='lat' dir='ltr'>posset</span> <span class='ocrx_word' id='word_1_209' title='bbox 301 2962 436 3020; x_wconf 90' lang='lat' dir='ltr'>ediscere.</span> <span class='ocrx_word' id='word_1_210' title='bbox 479 2962 553 3021; x_wconf 92' lang='lat' dir='ltr'>Illud</span> <span class='ocrx_word' id='word_1_211' title='bbox 573 2963 677 3039; x_wconf 93' lang='lat' dir='ltr'>ipsum,</span> <span class='ocrx_word' id='word_1_212' title='bbox 697 2962 777 3038; x_wconf 92' lang='lat' dir='ltr'>quod</span> <span class='ocrx_word' id='word_1_213' title='bbox 796 2963 913 3021; x_wconf 90' lang='lat' dir='ltr'>oculum</span> <span class='ocrx_word' id='word_1_214' title='bbox 932 2964 1022 3021; x_wconf 91' lang='lat' dir='ltr'>modo</span> <span class='ocrx_word' id='word_1_215' title='bbox 1045 2965 1179 3021; x_wconf 87' lang='lat' dir='ltr'>dextrum</span> 
     </span>
     <span class='ocr_line' id='line_1_28' title="bbox 180 3053 1206 3137; baseline 0.001 -18"><span class='ocrx_word' id='word_1_216' title='bbox 180 3062 271 3120; x_wconf 93' lang='lat' dir='ltr'>modo</span> <span class='ocrx_word' id='word_1_217' title='bbox 294 3061 439 3119; x_wconf 92' lang='lat' dir='ltr'>sinistrum</span> <span class='ocrx_word' id='word_1_218' title='bbox 462 3061 686 3131; x_wconf 90' lang='lat' dir='ltr'>circumlinebat,</span> <span class='ocrx_word' id='word_1_219' title='bbox 706 3061 849 3131; x_wconf 83' lang='lat' dir='ltr'>dextrum,</span> <span class='ocrx_word' id='word_1_220' title='bbox 872 3062 895 3118; x_wconf 93' lang='lat' dir='ltr'>si</span> <span class='ocrx_word' id='word_1_221' title='bbox 917 3080 935 3118; x_wconf 89' lang='lat' dir='ltr'>a</span> <span class='ocrx_word' id='word_1_222' title='bbox 955 3059 1085 3136; x_wconf 88' lang='lat' dir='ltr'>petitore,</span> <span class='ocrx_word' id='word_1_223' title='bbox 1109 3053 1206 3137; x_wconf 38' lang='lat' dir='ltr'>alte-5*</span> 
     </span>
     <span class='ocr_line' id='line_1_29' title="bbox 180 3159 1179 3234; baseline 0.002 -17"><span class='ocrx_word' id='word_1_224' title='bbox 180 3178 253 3232; x_wconf 87' lang='lat' dir='ltr'>rum,</span> <span class='ocrx_word' id='word_1_225' title='bbox 269 3160 293 3218; x_wconf 94' lang='lat' dir='ltr'>si</span> <span class='ocrx_word' id='word_1_226' title='bbox 308 3178 326 3217; x_wconf 89' lang='lat' dir='ltr'>a</span> <span class='ocrx_word' id='word_1_227' title='bbox 339 3177 508 3233; x_wconf 88' lang='lat' dir='ltr'>possessore</span> <span class='ocrx_word' id='word_1_228' title='bbox 523 3170 598 3218; x_wconf 90' lang='lat' dir='ltr'>esset</span> <span class='ocrx_word' id='word_1_229' title='bbox 618 3170 740 3229; x_wconf 72' lang='lat' dir='ltr'>acturus</span> <span class='ocrx_word' id='word_1_230' title='bbox 756 3159 835 3234; x_wconf 92' lang='lat' dir='ltr'>quod</span> <span class='ocrx_word' id='word_1_231' title='bbox 854 3159 1013 3217; x_wconf 90' lang='lat' dir='ltr'>candidum</span> <span class='ocrx_word' id='word_1_232' title='bbox 1032 3159 1179 3234; x_wconf 91' lang='lat' dir='ltr'>splenium</span> 
     </span>
     <span class='ocr_line' id='line_1_30' title="bbox 179 3257 1180 3336; baseline 0.003 -21"><span class='ocrx_word' id='word_1_233' title='bbox 179 3260 209 3315; x_wconf 92' lang='lat' dir='ltr'>in</span> <span class='ocrx_word' id='word_1_234' title='bbox 231 3259 288 3317; x_wconf 92' lang='lat' dir='ltr'>hoc</span> <span class='ocrx_word' id='word_1_235' title='bbox 311 3258 412 3316; x_wconf 90' lang='lat' dir='ltr'>autin</span> <span class='ocrx_word' id='word_1_236' title='bbox 440 3257 509 3317; x_wconf 94' lang='lat' dir='ltr'>illud</span> <span class='ocrx_word' id='word_1_237' title='bbox 534 3259 717 3335; x_wconf 91' lang='lat' dir='ltr'>supercilium</span> <span class='ocrx_word' id='word_1_238' title='bbox 742 3257 935 3327; x_wconf 84' lang='lat' dir='ltr'>transferebat,</span> <span class='ocrx_word' id='word_1_239' title='bbox 959 3260 1040 3335; x_wconf 92' lang='lat' dir='ltr'>quod</span> <span class='ocrx_word' id='word_1_240' title='bbox 1063 3277 1180 3336; x_wconf 89' lang='lat' dir='ltr'>semper</span> 
     </span>
     <span class='ocr_line' id='line_1_31' title="bbox 180 3355 1178 3434; baseline 0.004 -21"><span class='ocrx_word' id='word_1_241' title='bbox 180 3355 346 3434; x_wconf 85' lang='lat' dir='ltr'>haruspices</span> <span class='ocrx_word' id='word_1_242' title='bbox 368 3358 537 3416; x_wconf 88' lang='lat' dir='ltr'>consulebat</span> <span class='ocrx_word' id='word_1_243' title='bbox 558 3357 596 3414; x_wconf 92' lang='lat' dir='ltr'>de</span> <span class='ocrx_word' id='word_1_244' title='bbox 617 3357 740 3416; x_wconf 90' lang='lat' dir='ltr'>actionis</span> <span class='ocrx_word' id='word_1_245' title='bbox 762 3365 873 3426; x_wconf 88' lang='lat' dir='ltr'>eventu,</span> <span class='ocrx_word' id='word_1_246' title='bbox 896 3374 914 3412; x_wconf 92' lang='lat' dir='ltr'>a</span> <span class='ocrx_word' id='word_1_247' title='bbox 934 3357 1024 3415; x_wconf 91' lang='lat' dir='ltr'>nimia</span> <span class='ocrx_word' id='word_1_248' title='bbox 1041 3361 1178 3434; x_wconf 83' lang='lat' dir='ltr'>supersti-</span> 
     </span>
     <span class='ocr_line' id='line_1_32' title="bbox 179 3451 1179 3532; baseline 0.006 -20"><span class='ocrx_word' id='word_1_249' title='bbox 179 3454 268 3527; x_wconf 86' lang='lat' dir='ltr'>tione,</span> <span class='ocrx_word' id='word_1_250' title='bbox 290 3457 341 3515; x_wconf 91' lang='lat' dir='ltr'>sed</span> <span class='ocrx_word' id='word_1_251' title='bbox 365 3465 463 3514; x_wconf 91' lang='lat' dir='ltr'>tamen</span> <span class='ocrx_word' id='word_1_252' title='bbox 487 3466 516 3515; x_wconf 92' lang='lat' dir='ltr'>et</span> <span class='ocrx_word' id='word_1_253' title='bbox 538 3475 555 3514; x_wconf 90' lang='lat' dir='ltr'>a</span> <span class='ocrx_word' id='word_1_254' title='bbox 579 3473 688 3532; x_wconf 86' lang='lat' dir='ltr'>magno</span> <span class='ocrx_word' id='word_1_255' title='bbox 714 3453 874 3513; x_wconf 90' lang='lat' dir='ltr'>studiorum</span> <span class='ocrx_word' id='word_1_256' title='bbox 897 3451 1010 3514; x_wconf 89' lang='lat' dir='ltr'>honore</span> <span class='ocrx_word' id='word_1_257' title='bbox 1035 3457 1179 3518; x_wconf 88' lang='lat' dir='ltr'>veniebat.</span> 
     </span>
     <span class='ocr_line' id='line_1_33' title="bbox 181 3552 1222 3634; baseline 0.004 -23"><span class='ocrx_word' id='word_1_258' title='bbox 181 3553 245 3612; x_wconf 89' lang='lat' dir='ltr'>Iam</span> <span class='ocrx_word' id='word_1_259' title='bbox 263 3555 312 3613; x_wconf 91' lang='lat' dir='ltr'>illa</span> <span class='ocrx_word' id='word_1_260' title='bbox 330 3573 470 3634; x_wconf 86' lang='lat' dir='ltr'>perquam</span> <span class='ocrx_word' id='word_1_261' title='bbox 491 3555 616 3614; x_wconf 90' lang='lat' dir='ltr'>iucunda</span> <span class='ocrx_word' id='word_1_262' title='bbox 636 3571 695 3612; x_wconf 86' lang='lat' dir='ltr'>una</span> <span class='ocrx_word' id='word_1_263' title='bbox 717 3552 885 3621; x_wconf 88' lang='lat' dir='ltr'>dicentibus,</span> <span class='ocrx_word' id='word_1_264' title='bbox 901 3553 982 3625; x_wconf 94' lang='lat' dir='ltr'>quod</span> <span class='ocrx_word' id='word_1_265' title='bbox 1000 3554 1090 3613; x_wconf 87' lang='lat' dir='ltr'>libera</span> <span class='ocrx_word' id='word_1_266' title='bbox 1103 3566 1178 3614; x_wconf 89' lang='lat' dir='ltr'>tem·</span> <span class='ocrx_word' id='word_1_267' title='bbox 1190 3577 1222 3614; x_wconf 90' lang='lat'>10</span> 
     </span>
    </p>
   </div>
   <div class='ocr_carea' id='block_1_10' title="bbox 0 0 1328 3914">
    <p class='ocr_par' dir='ltr' id='par_1_10' title="bbox 0 0 1328 3914">
     <span class='ocr_line' id='line_1_34' title="bbox 0 0 1328 3914; baseline 0 0"><span class='ocrx_word' id='word_1_268' title='bbox 0 0 1328 3914; x_wconf 95' lang='lat' dir='ltr'> </span> 
     </span>
    </p>
   </div>
  </div>
 </body>
</html>
