<?xml version="1.0" encoding="UTF-8"?>
<!DOCTYPE html PUBLIC "-//W3C//DTD XHTML 1.0 Transitional//EN"
    "http://www.w3.org/TR/xhtml1/DTD/xhtml1-transitional.dtd">
<html xmlns="http://www.w3.org/1999/xhtml" xml:lang="en" lang="en">
 <head>
  <title>
</title>
<meta http-equiv="Content-Type" content="text/html;charset=utf-8" />
  <meta name='ocr-system' content='tesseract 3.04.00' />
  <meta name='ocr-capabilities' content='ocr_page ocr_carea ocr_par ocr_line ocrx_word'/>
</head>
<body>
  <div class='ocr_page' id='page_1' title='image "./selectedletters05plingoog_0056.png"; bbox 0 0 2646 3914; ppageno 0'>
   <div class='ocr_carea' id='block_1_1' title="bbox 170 169 1110 239">
    <p class='ocr_par' dir='ltr' id='par_1_1' title="bbox 170 169 1110 239">
     <span class='ocr_line' id='line_1_1' title="bbox 170 169 1110 239; baseline -0.003 -20"><span class='ocrx_word' id='word_1_1' title='bbox 170 171 329 222; x_wconf 77' lang='lat' dir='ltr'><em>LETTERS</em></span> <span class='ocrx_word' id='word_1_2' title='bbox 353 173 396 221; x_wconf 83' lang='lat' dir='ltr'>OE</span> <span class='ocrx_word' id='word_1_3' title='bbox 419 173 447 224; x_wconf 84' lang='lat' dir='ltr'>C&#39;.</span> <span class='ocrx_word' id='word_1_4' title='bbox 466 173 612 221; x_wconf 84' lang='lat' dir='ltr'><em>PLINIUS</em></span> <span class='ocrx_word' id='word_1_5' title='bbox 634 172 819 222; x_wconf 76' lang='lat' dir='ltr'><em>CAECILIUS</em></span> <span class='ocrx_word' id='word_1_6' title='bbox 840 169 1031 220; x_wconf 77' lang='lat' dir='ltr'><em>SECUNDUS.</em></span> <span class='ocrx_word' id='word_1_7' title='bbox 1067 171 1110 239; x_wconf 80' lang='lat'>43</span> 
     </span>
    </p>
   </div>
   <div class='ocr_carea' id='block_1_2' title="bbox 76 321 1117 3659">
    <p class='ocr_par' dir='ltr' id='par_1_2' title="bbox 76 321 1117 3659">
     <span class='ocr_line' id='line_1_2' title="bbox 116 321 1112 410; baseline -0.005 -20"><span class='ocrx_word' id='word_1_8' title='bbox 116 331 190 407; x_wconf 91' lang='lat' dir='ltr'>quid</span> <span class='ocrx_word' id='word_1_9' title='bbox 204 343 302 408; x_wconf 84' lang='lat' dir='ltr'>ageret</span> <span class='ocrx_word' id='word_1_10' title='bbox 321 351 393 410; x_wconf 91' lang='lat' dir='ltr'>puer</span> <span class='ocrx_word' id='word_1_11' title='bbox 413 333 609 410; x_wconf 89' lang='lat' dir='ltr'>respondebat</span> <span class='ocrx_word' id='word_1_12' title='bbox 626 333 722 391; x_wconf 67' lang='lat' dir='ltr'>‘bene</span> <span class='ocrx_word' id='word_1_13' title='bbox 744 321 993 409; x_wconf 53' lang='lat' dir='ltr'>quievit,&#39;libenter</span> <span class='ocrx_word' id='word_1_14' title='bbox 1014 329 1112 387; x_wconf 89' lang='lat' dir='ltr'>cibum</span> 
     </span>
     <span class='ocr_line' id='line_1_3' title="bbox 76 429 1112 506; baseline 0 -22"><span class='ocrx_word' id='word_1_15' title='bbox 76 431 263 506; x_wconf 84' lang='lat' dir='ltr'>15sumpsit&#39;.</span> <span class='ocrx_word' id='word_1_16' title='bbox 314 430 438 503; x_wconf 86' lang='lat' dir='ltr'>Deinde,</span> <span class='ocrx_word' id='word_1_17' title='bbox 463 449 530 491; x_wconf 90' lang='lat' dir='ltr'>cum</span> <span class='ocrx_word' id='word_1_18' title='bbox 556 432 604 490; x_wconf 93' lang='lat' dir='ltr'>diu</span> <span class='ocrx_word' id='word_1_19' title='bbox 632 431 776 490; x_wconf 84' lang='lat' dir='ltr'>cohibitae</span> <span class='ocrx_word' id='word_1_20' title='bbox 803 431 937 489; x_wconf 86' lang='lat' dir='ltr'>lacrimae</span> <span class='ocrx_word' id='word_1_21' title='bbox 965 429 1112 488; x_wconf 90' lang='lat' dir='ltr'>vincerent</span> 
     </span>
     <span class='ocr_line' id='line_1_4' title="bbox 116 526 1112 606; baseline -0.004 -20"><span class='ocrx_word' id='word_1_22' title='bbox 116 541 405 606; x_wconf 88' lang='lat' dir='ltr'>prorumperentque,</span> <span class='ocrx_word' id='word_1_23' title='bbox 444 529 661 605; x_wconf 85' lang='lat' dir='ltr'>egrediebatur:</span> <span class='ocrx_word' id='word_1_24' title='bbox 710 539 779 588; x_wconf 89' lang='lat' dir='ltr'>tunc</span> <span class='ocrx_word' id='word_1_25' title='bbox 814 548 844 588; x_wconf 90' lang='lat' dir='ltr'>se</span> <span class='ocrx_word' id='word_1_26' title='bbox 865 528 973 604; x_wconf 62' lang='lat' dir='ltr'>,dolori</span> <span class='ocrx_word' id='word_1_27' title='bbox 1008 526 1112 584; x_wconf 87' lang='lat' dir='ltr'>dabat:</span> 
     </span>
     <span class='ocr_line' id='line_1_5' title="bbox 116 623 1112 703; baseline -0.004 -19"><span class='ocrx_word' id='word_1_28' title='bbox 116 628 221 685; x_wconf 88' lang='lat' dir='ltr'>satiata</span> <span class='ocrx_word' id='word_1_29' title='bbox 243 627 326 686; x_wconf 92' lang='lat' dir='ltr'>siccis</span> <span class='ocrx_word' id='word_1_30' title='bbox 348 627 440 686; x_wconf 91' lang='lat' dir='ltr'>oculis</span> <span class='ocrx_word' id='word_1_31' title='bbox 461 628 625 703; x_wconf 91' lang='lat' dir='ltr'>composito</span> <span class='ocrx_word' id='word_1_32' title='bbox 639 627 718 686; x_wconf 92' lang='lat' dir='ltr'>vultu</span> <span class='ocrx_word' id='word_1_33' title='bbox 738 627 857 697; x_wconf 84' lang='lat' dir='ltr'>redibat,</span> <span class='ocrx_word' id='word_1_34' title='bbox 872 637 1021 702; x_wconf 85' lang='lat' dir='ltr'><strong>tamquam</strong></span> <span class='ocrx_word' id='word_1_35' title='bbox 1036 623 1112 683; x_wconf 89' lang='lat' dir='ltr'>orbi-</span> 
     </span>
     <span class='ocr_line' id='line_1_6' title="bbox 116 724 1110 803; baseline -0.003 -21"><span class='ocrx_word' id='word_1_36' title='bbox 116 735 208 782; x_wconf 86' lang='lat' dir='ltr'>tatem</span> <span class='ocrx_word' id='word_1_37' title='bbox 229 724 298 784; x_wconf 87' lang='lat' dir='ltr'>foris</span> <span class='ocrx_word' id='word_1_38' title='bbox 318 727 486 802; x_wconf 88' lang='lat' dir='ltr'>reliquisset.</span> <span class='ocrx_word' id='word_1_39' title='bbox 533 724 715 784; x_wconf 87' lang='lat' dir='ltr'>Praeclarum</span> <span class='ocrx_word' id='word_1_40' title='bbox 740 726 857 803; x_wconf 92' lang='lat' dir='ltr'>quidem</span> <span class='ocrx_word' id='word_1_41' title='bbox 881 724 950 782; x_wconf 92' lang='lat' dir='ltr'>illud</span> <span class='ocrx_word' id='word_1_42' title='bbox 972 724 1110 793; x_wconf 90' lang='lat' dir='ltr'>eiusdem,</span> 
     </span>
     <span class='ocr_line' id='line_1_7' title="bbox 117 813 1109 900; baseline -0.003 -20"><span class='ocrx_word' id='word_1_43' title='bbox 117 823 226 881; x_wconf 87' lang='lat' dir='ltr'>ferrum</span> <span class='ocrx_word' id='word_1_44' title='bbox 262 824 409 899; x_wconf 89' lang='lat' dir='ltr'>stringere,</span> <span class='ocrx_word' id='word_1_45' title='bbox 437 823 589 900; x_wconf 84' lang='lat' dir='ltr'>perfodere</span> <span class='ocrx_word' id='word_1_46' title='bbox 623 834 733 900; x_wconf 90' lang='lat' dir='ltr'>pectus,</span> <span class='ocrx_word' id='word_1_47' title='bbox 766 813 919 882; x_wconf 78' lang='lat' dir='ltr'>extrahere</span> <span class='ocrx_word' id='word_1_48' title='bbox 942 823 1109 898; x_wconf 86' lang='lat' dir='ltr'>pugionem,</span> 
     </span>
     <span class='ocr_line' id='line_1_8' title="bbox 78 922 1112 997; baseline -0.004 -18"><span class='ocrx_word' id='word_1_49' title='bbox 78 947 108 980; x_wconf 82' lang='lat'>20</span> <span class='ocrx_word' id='word_1_50' title='bbox 117 922 266 997; x_wconf 90' lang='lat' dir='ltr'>porrigere</span> <span class='ocrx_word' id='word_1_51' title='bbox 300 922 411 993; x_wconf 83' lang='lat' dir='ltr'>marito,</span> <span class='ocrx_word' id='word_1_52' title='bbox 446 922 552 982; x_wconf 89' lang='lat' dir='ltr'>addere</span> <span class='ocrx_word' id='word_1_53' title='bbox 587 941 690 982; x_wconf 90' lang='lat' dir='ltr'>vocem</span> <span class='ocrx_word' id='word_1_54' title='bbox 724 922 915 981; x_wconf 89' lang='lat' dir='ltr'>immortalem</span> <span class='ocrx_word' id='word_1_55' title='bbox 949 939 984 978; x_wconf 91' lang='lat' dir='ltr'>ac</span> <span class='ocrx_word' id='word_1_56' title='bbox 1019 937 1112 996; x_wconf 89' lang='lat' dir='ltr'>paene</span> 
     </span>
     <span class='ocr_line' id='line_1_9' title="bbox 117 1018 1112 1092; baseline -0.004 -14"><span class='ocrx_word' id='word_1_57' title='bbox 117 1021 246 1079; x_wconf 90' lang='lat' dir='ltr'>divinam</span> <span class='ocrx_word' id='word_1_58' title='bbox 269 1021 382 1092; x_wconf 89' lang='lat' dir='ltr'>‘Paete‚</span> <span class='ocrx_word' id='word_1_59' title='bbox 408 1039 469 1078; x_wconf 91' lang='lat' dir='ltr'>non</span> <span class='ocrx_word' id='word_1_60' title='bbox 491 1021 586 1080; x_wconf 84' lang='lat' dir='ltr'>dolet&#39;</span> <span class='ocrx_word' id='word_1_61' title='bbox 629 1022 688 1082; x_wconf 85' lang='lat' dir='ltr'>Sed</span> <span class='ocrx_word' id='word_1_62' title='bbox 713 1033 811 1080; x_wconf 89' lang='lat' dir='ltr'>tamen</span> <span class='ocrx_word' id='word_1_63' title='bbox 836 1022 889 1081; x_wconf 87' lang='lat' dir='ltr'>ista</span> <span class='ocrx_word' id='word_1_64' title='bbox 911 1018 1033 1087; x_wconf 80' lang='lat' dir='ltr'>facienti,</span> <span class='ocrx_word' id='word_1_65' title='bbox 1056 1018 1112 1075; x_wconf 90' lang='lat' dir='ltr'>ista</span> 
     </span>
     <span class='ocr_line' id='line_1_10' title="bbox 117 1117 1111 1194; baseline -0.002 -19"><span class='ocrx_word' id='word_1_66' title='bbox 117 1118 226 1177; x_wconf 89' lang='lat' dir='ltr'>dicenti</span> <span class='ocrx_word' id='word_1_67' title='bbox 248 1119 340 1194; x_wconf 91' lang='lat' dir='ltr'>gloria</span> <span class='ocrx_word' id='word_1_68' title='bbox 364 1128 393 1176; x_wconf 93' lang='lat' dir='ltr'>et</span> <span class='ocrx_word' id='word_1_69' title='bbox 417 1120 569 1177; x_wconf 84' lang='lat' dir='ltr'>aeternitas</span> <span class='ocrx_word' id='word_1_70' title='bbox 592 1131 658 1179; x_wconf 86' lang='lat' dir='ltr'>ante</span> <span class='ocrx_word' id='word_1_71' title='bbox 680 1120 783 1180; x_wconf 91' lang='lat' dir='ltr'>oculos</span> <span class='ocrx_word' id='word_1_72' title='bbox 805 1131 903 1178; x_wconf 89' lang='lat' dir='ltr'>erant:</span> <span class='ocrx_word' id='word_1_73' title='bbox 936 1135 994 1194; x_wconf 93' lang='lat' dir='ltr'>quo</span> <span class='ocrx_word' id='word_1_74' title='bbox 1018 1117 1111 1174; x_wconf 90' lang='lat' dir='ltr'>maius</span> 
     </span>
     <span class='ocr_line' id='line_1_11' title="bbox 117 1203 1111 1295; baseline -0.003 -21"><span class='ocrx_word' id='word_1_75' title='bbox 117 1226 163 1274; x_wconf 91' lang='lat' dir='ltr'>est</span> <span class='ocrx_word' id='word_1_76' title='bbox 186 1203 248 1274; x_wconf 86' lang='lat' dir='ltr'>sine</span> <span class='ocrx_word' id='word_1_77' title='bbox 271 1216 402 1294; x_wconf 90' lang='lat' dir='ltr'>praemio</span> <span class='ocrx_word' id='word_1_78' title='bbox 429 1217 609 1290; x_wconf 86' lang='lat' dir='ltr'>aeternitatis,</span> <span class='ocrx_word' id='word_1_79' title='bbox 634 1220 696 1277; x_wconf 92' lang='lat' dir='ltr'>sine</span> <span class='ocrx_word' id='word_1_80' title='bbox 721 1220 849 1295; x_wconf 90' lang='lat' dir='ltr'>praemio</span> <span class='ocrx_word' id='word_1_81' title='bbox 873 1217 981 1294; x_wconf 90' lang='lat' dir='ltr'>gloriae</span> <span class='ocrx_word' id='word_1_82' title='bbox 1006 1215 1111 1274; x_wconf 86' lang='lat' dir='ltr'>abdere</span> 
     </span>
     <span class='ocr_line' id='line_1_12' title="bbox 116 1313 1112 1394; baseline -0.001 -23"><span class='ocrx_word' id='word_1_83' title='bbox 116 1314 260 1386; x_wconf 86' lang='lat' dir='ltr'>lacrimas,</span> <span class='ocrx_word' id='word_1_84' title='bbox 288 1315 401 1391; x_wconf 91' lang='lat' dir='ltr'>operire</span> <span class='ocrx_word' id='word_1_85' title='bbox 435 1314 552 1386; x_wconf 88' lang='lat' dir='ltr'>luctum,</span> <span class='ocrx_word' id='word_1_86' title='bbox 582 1317 747 1394; x_wconf 91' lang='lat' dir='ltr'>amissoque</span> <span class='ocrx_word' id='word_1_87' title='bbox 775 1318 833 1375; x_wconf 89' lang='lat' dir='ltr'>filio</span> <span class='ocrx_word' id='word_1_88' title='bbox 867 1325 989 1374; x_wconf 88' lang='lat' dir='ltr'>matrem</span> <span class='ocrx_word' id='word_1_89' title='bbox 1017 1313 1112 1373; x_wconf 91' lang='lat' dir='ltr'>adhuc</span> 
     </span>
     <span class='ocr_line' id='line_1_13' title="bbox 79 1411 1113 1492; baseline 0 -23"><span class='ocrx_word' id='word_1_90' title='bbox 79 1437 107 1484; x_wconf 83' lang='lat'>25</span> <span class='ocrx_word' id='word_1_91' title='bbox 118 1430 215 1488; x_wconf 87' lang='lat' dir='ltr'>agere.</span> <span class='ocrx_word' id='word_1_92' title='bbox 258 1411 465 1471; x_wconf 88' lang='lat' dir='ltr'>Scribonianus</span> <span class='ocrx_word' id='word_1_93' title='bbox 484 1432 566 1472; x_wconf 88' lang='lat' dir='ltr'>arma</span> <span class='ocrx_word' id='word_1_94' title='bbox 583 1415 615 1472; x_wconf 90' lang='lat' dir='ltr'>in</span> <span class='ocrx_word' id='word_1_95' title='bbox 629 1415 743 1492; x_wconf 88' lang='lat' dir='ltr'>Illyrico</span> <span class='ocrx_word' id='word_1_96' title='bbox 761 1425 862 1474; x_wconf 92' lang='lat' dir='ltr'>contra</span> <span class='ocrx_word' id='word_1_97' title='bbox 881 1413 1035 1472; x_wconf 87' lang='lat' dir='ltr'>Claudium</span> <span class='ocrx_word' id='word_1_98' title='bbox 1049 1429 1113 1469; x_wconf 89' lang='lat' dir='ltr'>mo·</span> 
     </span>
     <span class='ocr_line' id='line_1_14' title="bbox 119 1504 1112 1590; baseline 0.004 -25"><span class='ocrx_word' id='word_1_99' title='bbox 119 1521 214 1569; x_wconf 85' lang='lat' dir='ltr'>verat:</span> <span class='ocrx_word' id='word_1_100' title='bbox 258 1510 350 1570; x_wconf 87' lang='lat' dir='ltr'>fuerat</span> <span class='ocrx_word' id='word_1_101' title='bbox 377 1511 481 1571; x_wconf 88' lang='lat' dir='ltr'>Paetus</span> <span class='ocrx_word' id='word_1_102' title='bbox 516 1513 547 1570; x_wconf 92' lang='lat' dir='ltr'>in</span> <span class='ocrx_word' id='word_1_103' title='bbox 574 1514 702 1590; x_wconf 91' lang='lat' dir='ltr'>partibus</span> <span class='ocrx_word' id='word_1_104' title='bbox 737 1523 766 1574; x_wconf 86' lang='lat' dir='ltr'>et</span> <span class='ocrx_word' id='word_1_105' title='bbox 793 1514 891 1572; x_wconf 89' lang='lat' dir='ltr'>occiso</span> <span class='ocrx_word' id='word_1_106' title='bbox 920 1504 1112 1571; x_wconf 86' lang='lat' dir='ltr'>Scriboniano</span> 
     </span>
     <span class='ocr_line' id='line_1_15' title="bbox 119 1607 1113 1671; baseline -0.001 -5"><span class='ocrx_word' id='word_1_107' title='bbox 119 1609 249 1667; x_wconf 88' lang='lat' dir='ltr'>Romam</span> <span class='ocrx_word' id='word_1_108' title='bbox 266 1609 438 1668; x_wconf 89' lang='lat' dir='ltr'>trahebatur.</span> <span class='ocrx_word' id='word_1_109' title='bbox 479 1612 549 1670; x_wconf 89' lang='lat' dir='ltr'>Erat</span> <span class='ocrx_word' id='word_1_110' title='bbox 568 1630 740 1671; x_wconf 90' lang='lat' dir='ltr'>ascensurus</span> <span class='ocrx_word' id='word_1_111' title='bbox 759 1630 878 1670; x_wconf 88' lang='lat' dir='ltr'>navem:</span> <span class='ocrx_word' id='word_1_112' title='bbox 907 1610 991 1667; x_wconf 88' lang='lat' dir='ltr'>Arria</span> <span class='ocrx_word' id='word_1_113' title='bbox 1009 1607 1113 1666; x_wconf 88' lang='lat' dir='ltr'>milites</span> 
     </span>
     <span class='ocr_line' id='line_1_16' title="bbox 117 1704 1113 1787; baseline -0.003 -23"><span class='ocrx_word' id='word_1_114' title='bbox 117 1708 222 1766; x_wconf 92' lang='lat' dir='ltr'>orabat</span> <span class='ocrx_word' id='word_1_115' title='bbox 236 1719 267 1766; x_wconf 94' lang='lat' dir='ltr'>ut</span> <span class='ocrx_word' id='word_1_116' title='bbox 281 1709 366 1767; x_wconf 90' lang='lat' dir='ltr'>simul</span> <span class='ocrx_word' id='word_1_117' title='bbox 380 1709 575 1785; x_wconf 88' lang='lat' dir='ltr'>inponeretur.</span> <span class='ocrx_word' id='word_1_118' title='bbox 626 1711 758 1787; x_wconf 88' lang='lat' dir='ltr'>‘Nempe</span> <span class='ocrx_word' id='word_1_119' title='bbox 777 1707 868 1769; x_wconf 87' lang='lat' dir='ltr'>enim&#39;</span> <span class='ocrx_word' id='word_1_120' title='bbox 888 1707 980 1784; x_wconf 91' lang='lat' dir='ltr'>inquit</span> <span class='ocrx_word' id='word_1_121' title='bbox 1002 1704 1113 1764; x_wconf 90' lang='lat' dir='ltr'>‘daturi</span> 
     </span>
     <span class='ocr_line' id='line_1_17' title="bbox 119 1803 1114 1886; baseline -0.004 -23"><span class='ocrx_word' id='word_1_122' title='bbox 119 1807 188 1864; x_wconf 91' lang='lat' dir='ltr'>estis</span> <span class='ocrx_word' id='word_1_123' title='bbox 202 1807 347 1866; x_wconf 90' lang='lat' dir='ltr'>consulari</span> <span class='ocrx_word' id='word_1_124' title='bbox 366 1809 426 1866; x_wconf 91' lang='lat' dir='ltr'>viro</span> <span class='ocrx_word' id='word_1_125' title='bbox 448 1809 575 1867; x_wconf 90' lang='lat' dir='ltr'>servulos</span> <span class='ocrx_word' id='word_1_126' title='bbox 596 1809 718 1886; x_wconf 86' lang='lat' dir='ltr'>aliquos,</span> <span class='ocrx_word' id='word_1_127' title='bbox 733 1825 858 1884; x_wconf 92' lang='lat' dir='ltr'>quorum</span> <span class='ocrx_word' id='word_1_128' title='bbox 876 1822 995 1864; x_wconf 89' lang='lat' dir='ltr'>ernanu</span> <span class='ocrx_word' id='word_1_129' title='bbox 1016 1803 1114 1862; x_wconf 89' lang='lat' dir='ltr'>cibum</span> 
     </span>
     <span class='ocr_line' id='line_1_18' title="bbox 80 1901 1114 1984; baseline -0.002 -24"><span class='ocrx_word' id='word_1_130' title='bbox 80 1925 110 1972; x_wconf 85' lang='lat'>30</span> <span class='ocrx_word' id='word_1_131' title='bbox 120 1906 222 1980; x_wconf 85' lang='lat' dir='ltr'>capiat,</span> <span class='ocrx_word' id='word_1_132' title='bbox 246 1923 264 1962; x_wconf 88' lang='lat' dir='ltr'>a</span> <span class='ocrx_word' id='word_1_133' title='bbox 288 1906 393 1982; x_wconf 93' lang='lat' dir='ltr'>quibus</span> <span class='ocrx_word' id='word_1_134' title='bbox 418 1907 561 1978; x_wconf 90' lang='lat' dir='ltr'>vestiatur,</span> <span class='ocrx_word' id='word_1_135' title='bbox 583 1908 726 1984; x_wconf 91' lang='lat' dir='ltr'>aquibus</span> <span class='ocrx_word' id='word_1_136' title='bbox 749 1906 900 1965; x_wconf 85' lang='lat' dir='ltr'>calcietur:</span> <span class='ocrx_word' id='word_1_137' title='bbox 931 1902 1029 1962; x_wconf 91' lang='lat' dir='ltr'>omnia</span> <span class='ocrx_word' id='word_1_138' title='bbox 1051 1901 1114 1959; x_wconf 91' lang='lat' dir='ltr'>sola</span> 
     </span>
     <span class='ocr_line' id='line_1_19' title="bbox 119 2001 1113 2081; baseline -0.003 -20"><span class='ocrx_word' id='word_1_139' title='bbox 119 2001 291 2079; x_wconf 81' lang='lat' dir='ltr'>praestabo&#39;</span> <span class='ocrx_word' id='word_1_140' title='bbox 347 2004 418 2063; x_wconf 90' lang='lat' dir='ltr'>Non</span> <span class='ocrx_word' id='word_1_141' title='bbox 444 2007 621 2081; x_wconf 90' lang='lat' dir='ltr'>impetravit:</span> <span class='ocrx_word' id='word_1_142' title='bbox 664 2006 803 2064; x_wconf 87' lang='lat' dir='ltr'>conduxit</span> <span class='ocrx_word' id='word_1_143' title='bbox 830 2003 1015 2081; x_wconf 87' lang='lat' dir='ltr'>piscatoriam</span> <span class='ocrx_word' id='word_1_144' title='bbox 1042 2019 1113 2059; x_wconf 87' lang='lat' dir='ltr'>nau-</span> 
     </span>
     <span class='ocr_line' id='line_1_20' title="bbox 119 2099 1114 2186; baseline -0.003 -26"><span class='ocrx_word' id='word_1_145' title='bbox 119 2103 215 2160; x_wconf 90' lang='lat' dir='ltr'>culam</span> <span class='ocrx_word' id='word_1_146' title='bbox 244 2103 405 2180; x_wconf 86' lang='lat' dir='ltr'>ingensque</span> <span class='ocrx_word' id='word_1_147' title='bbox 435 2105 581 2180; x_wconf 86' lang='lat' dir='ltr'>navigium</span> <span class='ocrx_word' id='word_1_148' title='bbox 615 2105 737 2186; x_wconf 90' lang='lat' dir='ltr'>minimo</span> <span class='ocrx_word' id='word_1_149' title='bbox 768 2114 865 2162; x_wconf 87' lang='lat' dir='ltr'>secuta</span> <span class='ocrx_word' id='word_1_150' title='bbox 892 2113 944 2160; x_wconf 89' lang='lat' dir='ltr'>est.</span> <span class='ocrx_word' id='word_1_151' title='bbox 1000 2099 1114 2159; x_wconf 89' lang='lat' dir='ltr'>Eadem</span> 
     </span>
     <span class='ocr_line' id='line_1_21' title="bbox 120 2199 1114 2276; baseline -0.004 -19"><span class='ocrx_word' id='word_1_152' title='bbox 120 2201 198 2276; x_wconf 89' lang='lat' dir='ltr'>apud</span> <span class='ocrx_word' id='word_1_153' title='bbox 228 2199 379 2259; x_wconf 90' lang='lat' dir='ltr'>Claudium</span> <span class='ocrx_word' id='word_1_154' title='bbox 414 2204 498 2260; x_wconf 88' lang='lat' dir='ltr'>uxori</span> <span class='ocrx_word' id='word_1_155' title='bbox 534 2201 723 2272; x_wconf 89' lang='lat' dir='ltr'>Scriboniani,</span> <span class='ocrx_word' id='word_1_156' title='bbox 751 2219 818 2259; x_wconf 85' lang='lat' dir='ltr'>curn</span> <span class='ocrx_word' id='word_1_157' title='bbox 853 2201 899 2258; x_wconf 90' lang='lat' dir='ltr'>illa</span> <span class='ocrx_word' id='word_1_158' title='bbox 933 2199 1114 2275; x_wconf 88' lang='lat' dir='ltr'>profiteretur</span> 
     </span>
     <span class='ocr_line' id='line_1_22' title="bbox 119 2297 1113 2377; baseline -0.002 -21"><span class='ocrx_word' id='word_1_159' title='bbox 119 2300 266 2369; x_wconf 89' lang='lat' dir='ltr'>indicium,</span> <span class='ocrx_word' id='word_1_160' title='bbox 283 2301 369 2377; x_wconf 88' lang='lat' dir='ltr'>‘ego&#39;</span> <span class='ocrx_word' id='word_1_161' title='bbox 390 2301 483 2377; x_wconf 86' lang='lat' dir='ltr'>inquit</span> <span class='ocrx_word' id='word_1_162' title='bbox 506 2307 552 2359; x_wconf 88' lang='lat' dir='ltr'>‘te</span> <span class='ocrx_word' id='word_1_163' title='bbox 574 2301 697 2372; x_wconf 89' lang='lat' dir='ltr'>audiam,</span> <span class='ocrx_word' id='word_1_164' title='bbox 713 2301 793 2359; x_wconf 93' lang='lat' dir='ltr'>cuius</span> <span class='ocrx_word' id='word_1_165' title='bbox 816 2301 844 2356; x_wconf 88' lang='lat' dir='ltr'>in</span> <span class='ocrx_word' id='word_1_166' title='bbox 862 2299 975 2374; x_wconf 90' lang='lat' dir='ltr'>gremio</span> <span class='ocrx_word' id='word_1_167' title='bbox 997 2297 1113 2356; x_wconf 87' lang='lat' dir='ltr'>Scribo-</span> 
     </span>
     <span class='ocr_line' id='line_1_23' title="bbox 79 2397 1114 2475; baseline -0.004 -19"><span class='ocrx_word' id='word_1_168' title='bbox 79 2419 109 2466; x_wconf 78' lang='lat'>³5</span> <span class='ocrx_word' id='word_1_169' title='bbox 119 2400 225 2457; x_wconf 90' lang='lat' dir='ltr'>nianus</span> <span class='ocrx_word' id='word_1_170' title='bbox 240 2399 354 2459; x_wconf 92' lang='lat' dir='ltr'>occisus</span> <span class='ocrx_word' id='word_1_171' title='bbox 371 2409 422 2470; x_wconf 88' lang='lat' dir='ltr'>est,</span> <span class='ocrx_word' id='word_1_172' title='bbox 436 2411 466 2457; x_wconf 90' lang='lat' dir='ltr'>et</span> <span class='ocrx_word' id='word_1_173' title='bbox 480 2399 583 2458; x_wconf 79' lang='lat' dir='ltr'>vivisi’</span> <span class='ocrx_word' id='word_1_174' title='bbox 608 2419 644 2459; x_wconf 85' lang='lat' dir='ltr'>ex</span> <span class='ocrx_word' id='word_1_175' title='bbox 664 2416 722 2475; x_wconf 93' lang='lat' dir='ltr'>quo</span> <span class='ocrx_word' id='word_1_176' title='bbox 742 2397 925 2456; x_wconf 84' lang='lat' dir='ltr'>manifestum</span> <span class='ocrx_word' id='word_1_177' title='bbox 944 2407 987 2455; x_wconf 91' lang='lat' dir='ltr'>est</span> <span class='ocrx_word' id='word_1_178' title='bbox 1002 2397 1029 2454; x_wconf 92' lang='lat' dir='ltr'>ei</span> <span class='ocrx_word' id='word_1_179' title='bbox 1043 2414 1114 2455; x_wconf 84' lang='lat' dir='ltr'>con-</span> 
     </span>
     <span class='ocr_line' id='line_1_24' title="bbox 120 2495 1113 2572; baseline -0.002 -18"><span class='ocrx_word' id='word_1_180' title='bbox 120 2497 216 2555; x_wconf 90' lang='lat' dir='ltr'>silium</span> <span class='ocrx_word' id='word_1_181' title='bbox 230 2498 437 2572; x_wconf 89' lang='lat' dir='ltr'>pulcherrimae</span> <span class='ocrx_word' id='word_1_182' title='bbox 452 2495 554 2556; x_wconf 78' lang='lat' dir='ltr'>mortis</span> <span class='ocrx_word' id='word_1_183' title='bbox 568 2517 628 2556; x_wconf 90' lang='lat' dir='ltr'>non</span> <span class='ocrx_word' id='word_1_184' title='bbox 643 2498 769 2556; x_wconf 88' lang='lat' dir='ltr'>subitum</span> <span class='ocrx_word' id='word_1_185' title='bbox 783 2497 879 2555; x_wconf 88' lang='lat' dir='ltr'>fuisse.</span> <span class='ocrx_word' id='word_1_186' title='bbox 922 2495 1002 2567; x_wconf 90' lang='lat' dir='ltr'>Quin</span> <span class='ocrx_word' id='word_1_187' title='bbox 1017 2495 1113 2565; x_wconf 88' lang='lat' dir='ltr'>etiam,</span> 
     </span>
     <span class='ocr_line' id='line_1_25' title="bbox 119 2594 1115 2672; baseline -0.002 -18"><span class='ocrx_word' id='word_1_188' title='bbox 119 2614 188 2654; x_wconf 87' lang='lat' dir='ltr'>cunr</span> <span class='ocrx_word' id='word_1_189' title='bbox 217 2594 357 2666; x_wconf 88' lang='lat' dir='ltr'>Thrasea,</span> <span class='ocrx_word' id='word_1_190' title='bbox 382 2615 473 2671; x_wconf 89' lang='lat' dir='ltr'>gener</span> <span class='ocrx_word' id='word_1_191' title='bbox 500 2597 569 2668; x_wconf 89' lang='lat' dir='ltr'>eius,</span> <span class='ocrx_word' id='word_1_192' title='bbox 596 2597 797 2672; x_wconf 88' lang='lat' dir='ltr'>deprecaretur</span> <span class='ocrx_word' id='word_1_193' title='bbox 821 2614 857 2654; x_wconf 88' lang='lat' dir='ltr'>ne</span> <span class='ocrx_word' id='word_1_194' title='bbox 881 2594 955 2652; x_wconf 92' lang='lat' dir='ltr'>mori</span> <span class='ocrx_word' id='word_1_195' title='bbox 983 2604 1115 2671; x_wconf 88' lang='lat' dir='ltr'>pergeret</span> 
     </span>
     <span class='ocr_line' id='line_1_26' title="bbox 119 2694 1114 2771; baseline 0.001 -19"><span class='ocrx_word' id='word_1_196' title='bbox 119 2695 251 2770; x_wconf 90' lang='lat' dir='ltr'>interque</span> <span class='ocrx_word' id='word_1_197' title='bbox 276 2694 331 2753; x_wconf 89' lang='lat' dir='ltr'>alia</span> <span class='ocrx_word' id='word_1_198' title='bbox 356 2694 475 2753; x_wconf 87' lang='lat' dir='ltr'>dixisset</span> <span class='ocrx_word' id='word_1_199' title='bbox 500 2696 558 2753; x_wconf 91' lang='lat' dir='ltr'>‘vis</span> <span class='ocrx_word' id='word_1_200' title='bbox 583 2713 653 2771; x_wconf 88' lang='lat' dir='ltr'>ergo</span> <span class='ocrx_word' id='word_1_201' title='bbox 676 2696 764 2754; x_wconf 88' lang='lat' dir='ltr'>filiam</span> <span class='ocrx_word' id='word_1_202' title='bbox 788 2705 877 2766; x_wconf 90' lang='lat' dir='ltr'>tuam,</span> <span class='ocrx_word' id='word_1_203' title='bbox 902 2695 926 2752; x_wconf 91' lang='lat' dir='ltr'>si</span> <span class='ocrx_word' id='word_1_204' title='bbox 953 2694 1024 2752; x_wconf 92' lang='lat' dir='ltr'>mihi</span> <span class='ocrx_word' id='word_1_205' title='bbox 1049 2713 1114 2770; x_wconf 90' lang='lat' dir='ltr'>per·</span> 
     </span>
     <span class='ocr_line' id='line_1_27' title="bbox 120 2793 1115 2872; baseline -0.001 -19"><span class='ocrx_word' id='word_1_206' title='bbox 120 2795 250 2853; x_wconf 90' lang='lat' dir='ltr'>eundum</span> <span class='ocrx_word' id='word_1_207' title='bbox 264 2794 355 2866; x_wconf 84' lang='lat' dir='ltr'>fuerit,</span> <span class='ocrx_word' id='word_1_208' title='bbox 371 2796 445 2852; x_wconf 90' lang='lat' dir='ltr'>mori</span> <span class='ocrx_word' id='word_1_209' title='bbox 459 2794 605 2852; x_wconf 78' lang='lat' dir='ltr'>mecumi’</span> <span class='ocrx_word' id='word_1_210' title='bbox 626 2793 776 2872; x_wconf 91' lang='lat' dir='ltr'>respondit</span> <span class='ocrx_word' id='word_1_211' title='bbox 791 2795 831 2852; x_wconf 92' lang='lat' dir='ltr'>‘si</span> <span class='ocrx_word' id='word_1_212' title='bbox 845 2795 964 2852; x_wconf 85' lang='lat' dir='ltr'>tamdiu</span> <span class='ocrx_word' id='word_1_213' title='bbox 979 2804 1115 2871; x_wconf 90' lang='lat' dir='ltr'>tantaque</span> 
     </span>
     <span class='ocr_line' id='line_1_28' title="bbox 80 2891 1115 2969; baseline -0.004 -15"><span class='ocrx_word' id='word_1_214' title='bbox 80 2907 111 2954; x_wconf 88' lang='lat'>40</span> <span class='ocrx_word' id='word_1_215' title='bbox 121 2893 279 2951; x_wconf 86' lang='lat' dir='ltr'>concordia</span> <span class='ocrx_word' id='word_1_216' title='bbox 293 2893 393 2950; x_wconf 87' lang='lat' dir='ltr'>vixerit</span> <span class='ocrx_word' id='word_1_217' title='bbox 407 2903 512 2962; x_wconf 90' lang='lat' dir='ltr'>tecum,</span> <span class='ocrx_word' id='word_1_218' title='bbox 527 2910 615 2968; x_wconf 86' lang='lat' dir='ltr'>quarn</span> <span class='ocrx_word' id='word_1_219' title='bbox 637 2911 693 2969; x_wconf 88' lang='lat' dir='ltr'>ego</span> <span class='ocrx_word' id='word_1_220' title='bbox 715 2912 782 2951; x_wconf 89' lang='lat' dir='ltr'>curn</span> <span class='ocrx_word' id='word_1_221' title='bbox 797 2891 895 2963; x_wconf 91' lang='lat' dir='ltr'>Paeto,</span> <span class='ocrx_word' id='word_1_222' title='bbox 911 2891 994 2952; x_wconf 60' lang='lat' dir='ltr'>volo?</span> <span class='ocrx_word' id='word_1_223' title='bbox 1035 2893 1115 2951; x_wconf 86' lang='lat' dir='ltr'>Aux-</span> 
     </span>
     <span class='ocr_line' id='line_1_29' title="bbox 121 2990 1113 3065; baseline -0.003 -16"><span class='ocrx_word' id='word_1_224' title='bbox 121 3001 183 3050; x_wconf 90' lang='lat' dir='ltr'>erat</span> <span class='ocrx_word' id='word_1_225' title='bbox 203 2990 261 3049; x_wconf 93' lang='lat' dir='ltr'>hoc</span> <span class='ocrx_word' id='word_1_226' title='bbox 282 3008 425 3065; x_wconf 90' lang='lat' dir='ltr'>responso</span> <span class='ocrx_word' id='word_1_227' title='bbox 450 3010 549 3050; x_wconf 88' lang='lat' dir='ltr'>curam</span> <span class='ocrx_word' id='word_1_228' title='bbox 573 3009 700 3062; x_wconf 89' lang='lat' dir='ltr'>suorum,</span> <span class='ocrx_word' id='word_1_229' title='bbox 726 2992 859 3049; x_wconf 92' lang='lat' dir='ltr'>attentius</span> <span class='ocrx_word' id='word_1_230' title='bbox 883 2992 1113 3050; x_wconf 88' lang='lat' dir='ltr'>custodiebatur:</span> 
     </span>
     <span class='ocr_line' id='line_1_30' title="bbox 120 3088 1116 3166; baseline 0.002 -19"><span class='ocrx_word' id='word_1_231' title='bbox 120 3091 211 3147; x_wconf 90' lang='lat' dir='ltr'>sensit</span> <span class='ocrx_word' id='word_1_232' title='bbox 225 3098 253 3147; x_wconf 87' lang='lat' dir='ltr'>et</span> <span class='ocrx_word' id='word_1_233' title='bbox 273 3089 360 3146; x_wconf 88' lang='lat' dir='ltr'>‘nihil</span> <span class='ocrx_word' id='word_1_234' title='bbox 375 3088 470 3164; x_wconf 90' lang='lat' dir='ltr'>agitis&#39;</span> <span class='ocrx_word' id='word_1_235' title='bbox 482 3091 590 3166; x_wconf 89' lang='lat' dir='ltr'>inquit:</span> <span class='ocrx_word' id='word_1_236' title='bbox 613 3091 752 3166; x_wconf 88' lang='lat' dir='ltr'>‘potestis</span> <span class='ocrx_word' id='word_1_237' title='bbox 771 3091 850 3146; x_wconf 90' lang='lat' dir='ltr'>enim</span> <span class='ocrx_word' id='word_1_238' title='bbox 869 3089 982 3148; x_wconf 90' lang='lat' dir='ltr'>efficere</span> <span class='ocrx_word' id='word_1_239' title='bbox 997 3101 1027 3147; x_wconf 92' lang='lat' dir='ltr'>ut</span> <span class='ocrx_word' id='word_1_240' title='bbox 1041 3089 1116 3149; x_wconf 90' lang='lat' dir='ltr'>male</span> 
     </span>
     <span class='ocr_line' id='line_1_31' title="bbox 120 3184 1114 3263; baseline 0 -19"><span class='ocrx_word' id='word_1_241' title='bbox 120 3188 234 3257; x_wconf 92' lang='lat' dir='ltr'>moriar,</span> <span class='ocrx_word' id='word_1_242' title='bbox 263 3197 294 3246; x_wconf 90' lang='lat' dir='ltr'>ut</span> <span class='ocrx_word' id='word_1_243' title='bbox 322 3205 383 3245; x_wconf 92' lang='lat' dir='ltr'>non</span> <span class='ocrx_word' id='word_1_244' title='bbox 411 3189 518 3246; x_wconf 87' lang='lat' dir='ltr'>moriar</span> <span class='ocrx_word' id='word_1_245' title='bbox 545 3207 607 3246; x_wconf 92' lang='lat' dir='ltr'>non</span> <span class='ocrx_word' id='word_1_246' title='bbox 641 3184 779 3263; x_wconf 62' lang='lat' dir='ltr'>potestis!</span> <span class='ocrx_word' id='word_1_247' title='bbox 832 3186 913 3245; x_wconf 91' lang='lat' dir='ltr'>Dum</span> <span class='ocrx_word' id='word_1_248' title='bbox 940 3189 1010 3246; x_wconf 86' lang='lat' dir='ltr'>haec</span> <span class='ocrx_word' id='word_1_249' title='bbox 1039 3186 1114 3257; x_wconf 89' lang='lat' dir='ltr'>dicit,</span> 
     </span>
     <span class='ocr_line' id='line_1_32' title="bbox 120 3285 1116 3362; baseline 0 -18"><span class='ocrx_word' id='word_1_250' title='bbox 120 3287 220 3344; x_wconf 85' lang='lat' dir='ltr'>exiluit</span> <span class='ocrx_word' id='word_1_251' title='bbox 247 3285 384 3345; x_wconf 84' lang='lat' dir='ltr'>cathedra</span> <span class='ocrx_word' id='word_1_252' title='bbox 415 3286 594 3361; x_wconf 89' lang='lat' dir='ltr'>adversoque</span> <span class='ocrx_word' id='word_1_253' title='bbox 629 3285 729 3361; x_wconf 88' lang='lat' dir='ltr'>parieti</span> <span class='ocrx_word' id='word_1_254' title='bbox 757 3297 844 3362; x_wconf 91' lang='lat' dir='ltr'>caput</span> <span class='ocrx_word' id='word_1_255' title='bbox 870 3287 979 3360; x_wconf 90' lang='lat' dir='ltr'>ingenti</span> <span class='ocrx_word' id='word_1_256' title='bbox 1006 3286 1116 3360; x_wconf 89' lang='lat' dir='ltr'>impetu</span> 
     </span>
     <span class='ocr_line' id='line_1_33' title="bbox 81 3383 1116 3460; baseline 0.001 -18"><span class='ocrx_word' id='word_1_257' title='bbox 81 3397 110 3443; x_wconf 83' lang='lat'>45</span> <span class='ocrx_word' id='word_1_258' title='bbox 121 3384 241 3459; x_wconf 89' lang='lat' dir='ltr'>impegit</span> <span class='ocrx_word' id='word_1_259' title='bbox 256 3392 284 3442; x_wconf 89' lang='lat' dir='ltr'>et</span> <span class='ocrx_word' id='word_1_260' title='bbox 299 3384 412 3442; x_wconf 90' lang='lat' dir='ltr'>corruit.</span> <span class='ocrx_word' id='word_1_261' title='bbox 455 3383 582 3442; x_wconf 85' lang='lat' dir='ltr'>Focilata</span> <span class='ocrx_word' id='word_1_262' title='bbox 602 3383 762 3442; x_wconf 87' lang='lat' dir='ltr'>‘dixeram&#39;</span> <span class='ocrx_word' id='word_1_263' title='bbox 784 3384 877 3460; x_wconf 89' lang='lat' dir='ltr'>inquit</span> <span class='ocrx_word' id='word_1_264' title='bbox 899 3384 997 3442; x_wconf 88' lang='lat' dir='ltr'>‘vobis</span> <span class='ocrx_word' id='word_1_265' title='bbox 1015 3383 1116 3442; x_wconf 87' lang='lat' dir='ltr'>inven-</span> 
     </span>
     <span class='ocr_line' id='line_1_34' title="bbox 121 3480 1115 3559; baseline 0.002 -20"><span class='ocrx_word' id='word_1_266' title='bbox 121 3493 214 3539; x_wconf 88' lang='lat' dir='ltr'>turam</span> <span class='ocrx_word' id='word_1_267' title='bbox 229 3501 277 3540; x_wconf 90' lang='lat' dir='ltr'>me</span> <span class='ocrx_word' id='word_1_268' title='bbox 295 3483 453 3559; x_wconf 89' lang='lat' dir='ltr'>quamlibet</span> <span class='ocrx_word' id='word_1_269' title='bbox 475 3482 576 3540; x_wconf 89' lang='lat' dir='ltr'>duram</span> <span class='ocrx_word' id='word_1_270' title='bbox 597 3482 633 3539; x_wconf 92' lang='lat' dir='ltr'>ad</span> <span class='ocrx_word' id='word_1_271' title='bbox 654 3491 779 3539; x_wconf 91' lang='lat' dir='ltr'>mortem</span> <span class='ocrx_word' id='word_1_272' title='bbox 793 3483 877 3552; x_wconf 91' lang='lat' dir='ltr'>viam,</span> <span class='ocrx_word' id='word_1_273' title='bbox 893 3481 916 3539; x_wconf 92' lang='lat' dir='ltr'>si</span> <span class='ocrx_word' id='word_1_274' title='bbox 931 3499 982 3539; x_wconf 94' lang='lat' dir='ltr'>vos</span> <span class='ocrx_word' id='word_1_275' title='bbox 1001 3480 1115 3541; x_wconf 80' lang='lat' dir='ltr'>facilem</span> 
     </span>
     <span class='ocr_line' id='line_1_35' title="bbox 119 3579 1117 3659; baseline -0.001 -19"><span class='ocrx_word' id='word_1_276' title='bbox 119 3579 300 3659; x_wconf 87' lang='lat' dir='ltr'>negassetis.&#39;</span> <span class='ocrx_word' id='word_1_277' title='bbox 342 3580 521 3640; x_wconf 87' lang='lat' dir='ltr'>Videnturne</span> <span class='ocrx_word' id='word_1_278' title='bbox 543 3580 616 3640; x_wconf 92' lang='lat' dir='ltr'>haec</span> <span class='ocrx_word' id='word_1_279' title='bbox 637 3580 688 3640; x_wconf 91' lang='lat' dir='ltr'>tibi</span> <span class='ocrx_word' id='word_1_280' title='bbox 709 3581 820 3638; x_wconf 88' lang='lat' dir='ltr'>maiora</span> <span class='ocrx_word' id='word_1_281' title='bbox 844 3579 892 3638; x_wconf 91' lang='lat' dir='ltr'>illo</span> <span class='ocrx_word' id='word_1_282' title='bbox 919 3579 1033 3652; x_wconf 70' lang='lat' dir='ltr'>‘Paete</span> <span class='ocrx_word' id='word_1_283' title='bbox 1055 3599 1117 3639; x_wconf 88' lang='lat' dir='ltr'>non</span> 
     </span>
    </p>
   </div>
   <div class='ocr_carea' id='block_1_3' title="bbox 0 0 1336 3914">
    <p class='ocr_par' dir='ltr' id='par_1_3' title="bbox 0 0 1336 3914">
     <span class='ocr_line' id='line_1_36' title="bbox 0 0 1336 3914; baseline 0 0"><span class='ocrx_word' id='word_1_284' title='bbox 0 0 1336 3914; x_wconf 95' lang='lat' dir='ltr'> </span> 
     </span>
    </p>
   </div>
  </div>
 </body>
</html>
