<?xml version="1.0" encoding="UTF-8"?>
<!DOCTYPE html PUBLIC "-//W3C//DTD XHTML 1.0 Transitional//EN"
    "http://www.w3.org/TR/xhtml1/DTD/xhtml1-transitional.dtd">
<html xmlns="http://www.w3.org/1999/xhtml" xml:lang="en" lang="en">
 <head>
  <title>
</title>
<meta http-equiv="Content-Type" content="text/html;charset=utf-8" />
  <meta name='ocr-system' content='tesseract 3.04.00' />
  <meta name='ocr-capabilities' content='ocr_page ocr_carea ocr_par ocr_line ocrx_word'/>
</head>
<body>
  <div class='ocr_page' id='page_1' title='image "./selectedletters05plingoog_0050.png"; bbox 0 0 2646 3914; ppageno 0'>
   <div class='ocr_carea' id='block_1_1' title="bbox 212 169 1152 252">
    <p class='ocr_par' dir='ltr' id='par_1_1' title="bbox 212 169 1152 252">
     <span class='ocr_line' id='line_1_1' title="bbox 212 169 1152 252; baseline 0.005 -26"><span class='ocrx_word' id='word_1_1' title='bbox 212 179 373 228; x_wconf 76' lang='lat' dir='ltr'>currens</span> <span class='ocrx_word' id='word_1_2' title='bbox 396 180 440 230; x_wconf 72' lang='lat' dir='ltr'>or</span> <span class='ocrx_word' id='word_1_3' title='bbox 463 183 491 233; x_wconf 83' lang='grc' dir='ltr'>ο.</span> <span class='ocrx_word' id='word_1_4' title='bbox 508 183 656 230; x_wconf 76' lang='lat' dir='ltr'>Pnrnrus</span> <span class='ocrx_word' id='word_1_5' title='bbox 679 169 866 234; x_wconf 73' lang='lat' dir='ltr'>cancrnrus</span> <span class='ocrx_word' id='word_1_6' title='bbox 888 183 1078 233; x_wconf 79' lang='lat' dir='ltr'>sucuunus.</span> <span class='ocrx_word' id='word_1_7' title='bbox 1113 182 1152 252; x_wconf 83' lang='lat'>37</span> 
     </span>
    </p>
   </div>
   <div class='ocr_carea' id='block_1_2' title="bbox 115 341 1159 2387">
    <p class='ocr_par' dir='ltr' id='par_1_2' title="bbox 115 341 1159 2387">
     <span class='ocr_line' id='line_1_2' title="bbox 153 341 1154 420; baseline 0.005 -26"><span class='ocrx_word' id='word_1_8' title='bbox 153 355 233 410; x_wconf 86' lang='lat' dir='ltr'>ossa,</span> <span class='ocrx_word' id='word_1_9' title='bbox 252 341 382 413; x_wconf 89' lang='lat' dir='ltr'>musculi,</span> <span class='ocrx_word' id='word_1_10' title='bbox 400 342 489 414; x_wconf 89' lang='lat' dir='ltr'>nervi,</span> <span class='ocrx_word' id='word_1_11' title='bbox 504 361 603 413; x_wconf 87' lang='lat' dir='ltr'>venae,</span> <span class='ocrx_word' id='word_1_12' title='bbox 624 361 712 418; x_wconf 87' lang='lat' dir='ltr'>rugae</span> <span class='ocrx_word' id='word_1_13' title='bbox 734 344 821 401; x_wconf 92' lang='lat' dir='ltr'>etiam</span> <span class='ocrx_word' id='word_1_14' title='bbox 843 352 874 401; x_wconf 90' lang='lat' dir='ltr'>ut</span> <span class='ocrx_word' id='word_1_15' title='bbox 896 343 1028 420; x_wconf 88' lang='lat' dir='ltr'>spirantis</span> <span class='ocrx_word' id='word_1_16' title='bbox 1050 359 1154 418; x_wconf 88' lang='lat' dir='ltr'>appar·</span> 
     </span>
     <span class='ocr_line' id='line_1_3' title="bbox 156 440 1154 518; baseline 0.006 -26"><span class='ocrx_word' id='word_1_17' title='bbox 156 448 214 508; x_wconf 85' lang='lat' dir='ltr'>ent,</span> <span class='ocrx_word' id='word_1_18' title='bbox 230 440 284 496; x_wconf 91' lang='lat' dir='ltr'>rari</span> <span class='ocrx_word' id='word_1_19' title='bbox 303 451 332 498; x_wconf 91' lang='lat' dir='ltr'>et</span> <span class='ocrx_word' id='word_1_20' title='bbox 351 441 487 499; x_wconf 86' lang='lat' dir='ltr'>cedentes</span> <span class='ocrx_word' id='word_1_21' title='bbox 502 443 604 518; x_wconf 88' lang='lat' dir='ltr'>capilli,</span> <span class='ocrx_word' id='word_1_22' title='bbox 619 442 676 500; x_wconf 89' lang='lat' dir='ltr'>lata</span> <span class='ocrx_word' id='word_1_23' title='bbox 696 440 784 512; x_wconf 85' lang='lat' dir='ltr'>frons,</span> <span class='ocrx_word' id='word_1_24' title='bbox 801 450 949 500; x_wconf 88' lang='lat' dir='ltr'>eontracta</span> <span class='ocrx_word' id='word_1_25' title='bbox 967 441 1064 512; x_wconf 83' lang='lat' dir='ltr'>facies,</span> <span class='ocrx_word' id='word_1_26' title='bbox 1080 440 1154 498; x_wconf 87' lang='lat' dir='ltr'>exile</span> 
     </span>
     <span class='ocr_line' id='line_1_4' title="bbox 156 523 1155 616; baseline 0.004 -24"><span class='ocrx_word' id='word_1_27' title='bbox 156 523 275 607; x_wconf 75' lang='lat' dir='ltr'>collum,</span> <span class='ocrx_word' id='word_1_28' title='bbox 289 539 417 612; x_wconf 84' lang='lat' dir='ltr'>pendent</span> <span class='ocrx_word' id='word_1_29' title='bbox 438 540 545 608; x_wconf 83' lang='lat' dir='ltr'>lacerti,</span> <span class='ocrx_word' id='word_1_30' title='bbox 567 540 690 616; x_wconf 90' lang='lat' dir='ltr'>papillae</span> <span class='ocrx_word' id='word_1_31' title='bbox 712 540 817 609; x_wconf 83' lang='lat' dir='ltr'>iacent,</span> <span class='ocrx_word' id='word_1_32' title='bbox 839 551 938 598; x_wconf 88' lang='lat' dir='ltr'>venter</span> <span class='ocrx_word' id='word_1_33' title='bbox 959 539 1085 598; x_wconf 84' lang='lat' dir='ltr'>recessit.</span> <span class='ocrx_word' id='word_1_34' title='bbox 1127 539 1155 596; x_wconf 88' lang='lat' dir='ltr'><strong>A</strong></span> 
     </span>
     <span class='ocr_line' id='line_1_5' title="bbox 115 639 1153 715; baseline 0.01 -31"><span class='ocrx_word' id='word_1_35' title='bbox 115 650 146 685; x_wconf 74' lang='lat' dir='ltr'>ro</span> <span class='ocrx_word' id='word_1_36' title='bbox 156 644 239 709; x_wconf 90' lang='lat' dir='ltr'>tergo</span> <span class='ocrx_word' id='word_1_37' title='bbox 254 654 372 713; x_wconf 91' lang='lat' dir='ltr'>quoque</span> <span class='ocrx_word' id='word_1_38' title='bbox 387 639 491 697; x_wconf 88' lang='lat' dir='ltr'>eadem</span> <span class='ocrx_word' id='word_1_39' title='bbox 505 648 584 697; x_wconf 89' lang='lat' dir='ltr'>aetas</span> <span class='ocrx_word' id='word_1_40' title='bbox 602 650 663 696; x_wconf 86' lang='lat' dir='ltr'>uta</span> <span class='ocrx_word' id='word_1_41' title='bbox 677 648 766 712; x_wconf 88' lang='lat' dir='ltr'>tergo.</span> <span class='ocrx_word' id='word_1_42' title='bbox 810 639 871 698; x_wconf 86' lang='lat' dir='ltr'>Aes</span> <span class='ocrx_word' id='word_1_43' title='bbox 891 640 997 715; x_wconf 91' lang='lat' dir='ltr'>ipsum,</span> <span class='ocrx_word' id='word_1_44' title='bbox 1012 648 1153 714; x_wconf 89' lang='lat' dir='ltr'>quantum</span> 
     </span>
     <span class='ocr_line' id='line_1_6' title="bbox 155 735 1155 812; baseline 0.006 -24"><span class='ocrx_word' id='word_1_45' title='bbox 155 751 240 790; x_wconf 92' lang='lat' dir='ltr'>verus</span> <span class='ocrx_word' id='word_1_46' title='bbox 271 735 352 794; x_wconf 93' lang='lat' dir='ltr'>color</span> <span class='ocrx_word' id='word_1_47' title='bbox 386 737 503 806; x_wconf 89' lang='lat' dir='ltr'>indicat,</span> <span class='ocrx_word' id='word_1_48' title='bbox 532 746 614 794; x_wconf 87' lang='lat' dir='ltr'>vetus</span> <span class='ocrx_word' id='word_1_49' title='bbox 644 746 671 794; x_wconf 92' lang='lat' dir='ltr'>et</span> <span class='ocrx_word' id='word_1_50' title='bbox 707 737 865 811; x_wconf 87' lang='lat' dir='ltr'>antiquum.</span> <span class='ocrx_word' id='word_1_51' title='bbox 909 736 993 795; x_wconf 89' lang='lat' dir='ltr'>Talia</span> <span class='ocrx_word' id='word_1_52' title='bbox 1028 737 1155 812; x_wconf 91' lang='lat' dir='ltr'>denique</span> 
     </span>
     <span class='ocr_line' id='line_1_7' title="bbox 157 831 1156 910; baseline 0.006 -24"><span class='ocrx_word' id='word_1_53' title='bbox 157 831 265 902; x_wconf 85' lang='lat' dir='ltr'>omnia,</span> <span class='ocrx_word' id='word_1_54' title='bbox 280 842 311 890; x_wconf 92' lang='lat' dir='ltr'>ut</span> <span class='ocrx_word' id='word_1_55' title='bbox 332 837 444 910; x_wconf 88' lang='lat' dir='ltr'>possint</span> <span class='ocrx_word' id='word_1_56' title='bbox 466 836 606 893; x_wconf 88' lang='lat' dir='ltr'>artificum</span> <span class='ocrx_word' id='word_1_57' title='bbox 628 835 729 894; x_wconf 89' lang='lat' dir='ltr'>oculos</span> <span class='ocrx_word' id='word_1_58' title='bbox 750 845 856 906; x_wconf 88' lang='lat' dir='ltr'>tenere,</span> <span class='ocrx_word' id='word_1_59' title='bbox 876 835 1019 894; x_wconf 85' lang='lat' dir='ltr'>delectare</span> <span class='ocrx_word' id='word_1_60' title='bbox 1040 835 1156 910; x_wconf 89' lang='lat' dir='ltr'>imperi·</span> 
     </span>
     <span class='ocr_line' id='line_1_8' title="bbox 157 931 1156 1010; baseline 0.003 -24"><span class='ocrx_word' id='word_1_61' title='bbox 157 938 262 987; x_wconf 91' lang='lat' dir='ltr'>torum.</span> <span class='ocrx_word' id='word_1_62' title='bbox 319 931 409 1004; x_wconf 91' lang='lat' dir='ltr'>Quod</span> <span class='ocrx_word' id='word_1_63' title='bbox 442 953 490 992; x_wconf 91' lang='lat' dir='ltr'>me</span> <span class='ocrx_word' id='word_1_64' title='bbox 519 952 695 1010; x_wconf 87' lang='lat' dir='ltr'>quamquam</span> <span class='ocrx_word' id='word_1_65' title='bbox 724 935 897 992; x_wconf 88' lang='lat' dir='ltr'>tirunculum</span> <span class='ocrx_word' id='word_1_66' title='bbox 926 935 1084 993; x_wconf 90' lang='lat' dir='ltr'>sollicitavit</span> <span class='ocrx_word' id='word_1_67' title='bbox 1118 933 1156 990; x_wconf 90' lang='lat' dir='ltr'>ad</span> 
     </span>
     <span class='ocr_line' id='line_1_9' title="bbox 158 1029 1156 1112; baseline 0.005 -30"><span class='ocrx_word' id='word_1_68' title='bbox 158 1029 324 1088; x_wconf 89' lang='lat' dir='ltr'>emendum.</span> <span class='ocrx_word' id='word_1_69' title='bbox 367 1031 435 1089; x_wconf 90' lang='lat' dir='ltr'>Emi</span> <span class='ocrx_word' id='word_1_70' title='bbox 455 1043 561 1102; x_wconf 90' lang='lat' dir='ltr'>autem,</span> <span class='ocrx_word' id='word_1_71' title='bbox 576 1051 637 1090; x_wconf 91' lang='lat' dir='ltr'>non</span> <span class='ocrx_word' id='word_1_72' title='bbox 657 1042 688 1088; x_wconf 93' lang='lat' dir='ltr'>ut</span> <span class='ocrx_word' id='word_1_73' title='bbox 707 1032 845 1091; x_wconf 87' lang='lat' dir='ltr'>haberem</span> <span class='ocrx_word' id='word_1_74' title='bbox 861 1035 940 1092; x_wconf 93' lang='lat' dir='ltr'>domi</span> <span class='ocrx_word' id='word_1_75' title='bbox 953 1031 1061 1112; x_wconf 87' lang='lat' dir='ltr'>(neque</span> <span class='ocrx_word' id='word_1_76' title='bbox 1077 1032 1156 1089; x_wconf 90' lang='lat' dir='ltr'>enim</span> 
     </span>
     <span class='ocr_line' id='line_1_10' title="bbox 116 1124 1157 1206; baseline 0.008 -29"><span class='ocrx_word' id='word_1_77' title='bbox 116 1124 248 1191; x_wconf 83' lang='lat' dir='ltr'>r5ullum</span> <span class='ocrx_word' id='word_1_78' title='bbox 276 1126 370 1186; x_wconf 89' lang='lat' dir='ltr'>adhuc</span> <span class='ocrx_word' id='word_1_79' title='bbox 392 1128 575 1188; x_wconf 90' lang='lat' dir='ltr'>Corinthium</span> <span class='ocrx_word' id='word_1_80' title='bbox 597 1129 676 1186; x_wconf 92' lang='lat' dir='ltr'>domi</span> <span class='ocrx_word' id='word_1_81' title='bbox 702 1127 818 1206; x_wconf 87' lang='lat' dir='ltr'>habeo),</span> <span class='ocrx_word' id='word_1_82' title='bbox 841 1150 938 1188; x_wconf 90' lang='lat' dir='ltr'>verum</span> <span class='ocrx_word' id='word_1_83' title='bbox 961 1131 1042 1189; x_wconf 90' lang='lat' dir='ltr'>utin</span> <span class='ocrx_word' id='word_1_84' title='bbox 1064 1130 1157 1204; x_wconf 88' lang='lat' dir='ltr'>patria</span> 
     </span>
     <span class='ocr_line' id='line_1_11' title="bbox 159 1226 1154 1304; baseline 0.006 -26"><span class='ocrx_word' id='word_1_85' title='bbox 159 1233 258 1281; x_wconf 90' lang='lat' dir='ltr'>nostra</span> <span class='ocrx_word' id='word_1_86' title='bbox 273 1226 377 1285; x_wconf 87' lang='lat' dir='ltr'>celebri</span> <span class='ocrx_word' id='word_1_87' title='bbox 391 1228 458 1286; x_wconf 87' lang='lat' dir='ltr'>loco</span> <span class='ocrx_word' id='word_1_88' title='bbox 472 1247 621 1304; x_wconf 90' lang='lat' dir='ltr'>ponerem,</span> <span class='ocrx_word' id='word_1_89' title='bbox 637 1247 671 1286; x_wconf 92' lang='lat' dir='ltr'>ac</span> <span class='ocrx_word' id='word_1_90' title='bbox 686 1229 870 1304; x_wconf 90' lang='lat' dir='ltr'>potissimum</span> <span class='ocrx_word' id='word_1_91' title='bbox 888 1231 918 1286; x_wconf 92' lang='lat' dir='ltr'>in</span> <span class='ocrx_word' id='word_1_92' title='bbox 934 1229 1012 1287; x_wconf 93' lang='lat' dir='ltr'>Iovis</span> <span class='ocrx_word' id='word_1_93' title='bbox 1026 1227 1154 1302; x_wconf 88' lang='lat' dir='ltr'>templo:</span> 
     </span>
     <span class='ocr_line' id='line_1_12' title="bbox 159 1317 1155 1403; baseline 0.005 -27"><span class='ocrx_word' id='word_1_94' title='bbox 159 1320 269 1379; x_wconf 92' lang='lat' dir='ltr'>videtur</span> <span class='ocrx_word' id='word_1_95' title='bbox 297 1317 375 1382; x_wconf 82' lang='lat' dir='ltr'>&#39;enim</span> <span class='ocrx_word' id='word_1_96' title='bbox 403 1327 525 1402; x_wconf 88' lang='lat' dir='ltr'>dignum</span> <span class='ocrx_word' id='word_1_97' title='bbox 553 1327 672 1403; x_wconf 90' lang='lat' dir='ltr'>templo,</span> <span class='ocrx_word' id='word_1_98' title='bbox 701 1327 823 1401; x_wconf 89' lang='lat' dir='ltr'>dignum</span> <span class='ocrx_word' id='word_1_99' title='bbox 851 1327 907 1385; x_wconf 89' lang='lat' dir='ltr'>deo</span> <span class='ocrx_word' id='word_1_100' title='bbox 936 1328 1054 1385; x_wconf 86' lang='lat' dir='ltr'>donum.</span> <span class='ocrx_word' id='word_1_101' title='bbox 1107 1324 1155 1382; x_wconf 92' lang='lat' dir='ltr'>Tu</span> 
     </span>
     <span class='ocr_line' id='line_1_13' title="bbox 160 1425 1157 1503; baseline 0.006 -28"><span class='ocrx_word' id='word_1_102' title='bbox 160 1437 238 1493; x_wconf 83' lang='lat' dir='ltr'>erge,</span> <span class='ocrx_word' id='word_1_103' title='bbox 260 1431 291 1479; x_wconf 91' lang='lat' dir='ltr'>ut</span> <span class='ocrx_word' id='word_1_104' title='bbox 320 1425 397 1482; x_wconf 89' lang='lat' dir='ltr'>soles</span> <span class='ocrx_word' id='word_1_105' title='bbox 419 1427 519 1484; x_wconf 90' lang='lat' dir='ltr'>omnia</span> <span class='ocrx_word' id='word_1_106' title='bbox 544 1444 618 1503; x_wconf 88' lang='lat' dir='ltr'>quae</span> <span class='ocrx_word' id='word_1_107' title='bbox 640 1445 657 1483; x_wconf 92' lang='lat' dir='ltr'>a</span> <span class='ocrx_word' id='word_1_108' title='bbox 678 1445 725 1484; x_wconf 93' lang='lat' dir='ltr'>me</span> <span class='ocrx_word' id='word_1_109' title='bbox 750 1427 801 1483; x_wconf 92' lang='lat' dir='ltr'>tibi</span> <span class='ocrx_word' id='word_1_110' title='bbox 827 1427 1021 1502; x_wconf 89' lang='lat' dir='ltr'>iniunguntur,</span> <span class='ocrx_word' id='word_1_111' title='bbox 1043 1425 1157 1500; x_wconf 83' lang='lat' dir='ltr'>suscipe</span> 
     </span>
     <span class='ocr_line' id='line_1_14' title="bbox 159 1517 1157 1599; baseline 0.006 -25"><span class='ocrx_word' id='word_1_112' title='bbox 159 1517 236 1576; x_wconf 88' lang='lat' dir='ltr'>hanc</span> <span class='ocrx_word' id='word_1_113' title='bbox 265 1538 364 1579; x_wconf 90' lang='lat' dir='ltr'>curam</span> <span class='ocrx_word' id='word_1_114' title='bbox 392 1534 421 1581; x_wconf 93' lang='lat' dir='ltr'>et</span> <span class='ocrx_word' id='word_1_115' title='bbox 448 1526 506 1581; x_wconf 89' lang='lat' dir='ltr'>iam</span> <span class='ocrx_word' id='word_1_116' title='bbox 535 1543 613 1582; x_wconf 94' lang='lat' dir='ltr'>nunc</span> <span class='ocrx_word' id='word_1_117' title='bbox 643 1525 710 1580; x_wconf 90' lang='lat' dir='ltr'>iube</span> <span class='ocrx_word' id='word_1_118' title='bbox 738 1525 831 1581; x_wconf 88' lang='lat' dir='ltr'>basim</span> <span class='ocrx_word' id='word_1_119' title='bbox 854 1526 915 1582; x_wconf 89' lang='lat' dir='ltr'>fieri</span> <span class='ocrx_word' id='word_1_120' title='bbox 936 1543 973 1582; x_wconf 88' lang='lat' dir='ltr'>ex</span> <span class='ocrx_word' id='word_1_121' title='bbox 998 1541 1056 1599; x_wconf 91' lang='lat' dir='ltr'>quo</span> <span class='ocrx_word' id='word_1_122' title='bbox 1079 1523 1157 1580; x_wconf 90' lang='lat' dir='ltr'>voles</span> 
     </span>
     <span class='ocr_line' id='line_1_15' title="bbox 118 1621 1157 1698; baseline 0.007 -27"><span class='ocrx_word' id='word_1_123' title='bbox 118 1632 313 1691; x_wconf 72' lang='lat' dir='ltr'>aomarmore,</span> <span class='ocrx_word' id='word_1_124' title='bbox 340 1639 415 1697; x_wconf 88' lang='lat' dir='ltr'>quae</span> <span class='ocrx_word' id='word_1_125' title='bbox 444 1639 552 1680; x_wconf 92' lang='lat' dir='ltr'>nomen</span> <span class='ocrx_word' id='word_1_126' title='bbox 581 1639 680 1679; x_wconf 89' lang='lat' dir='ltr'>meum</span> <span class='ocrx_word' id='word_1_127' title='bbox 707 1621 892 1698; x_wconf 89' lang='lat' dir='ltr'>honoresque</span> <span class='ocrx_word' id='word_1_128' title='bbox 921 1623 1024 1697; x_wconf 89' lang='lat' dir='ltr'>capiat,</span> <span class='ocrx_word' id='word_1_129' title='bbox 1051 1623 1074 1679; x_wconf 91' lang='lat' dir='ltr'>si</span> <span class='ocrx_word' id='word_1_130' title='bbox 1103 1621 1157 1678; x_wconf 91' lang='lat' dir='ltr'>hos</span> 
     </span>
     <span class='ocr_line' id='line_1_16' title="bbox 160 1720 1158 1796; baseline 0.004 -24"><span class='ocrx_word' id='word_1_131' title='bbox 160 1732 278 1790; x_wconf 93' lang='lat' dir='ltr'>quoque</span> <span class='ocrx_word' id='word_1_132' title='bbox 299 1721 413 1794; x_wconf 83' lang='lat' dir='ltr'>putabis</span> <span class='ocrx_word' id='word_1_133' title='bbox 434 1720 594 1778; x_wconf 89' lang='lat' dir='ltr'>addendos.</span> <span class='ocrx_word' id='word_1_134' title='bbox 637 1720 703 1796; x_wconf 90' lang='lat' dir='ltr'>Ego</span> <span class='ocrx_word' id='word_1_135' title='bbox 723 1721 839 1795; x_wconf 88' lang='lat' dir='ltr'>signum</span> <span class='ocrx_word' id='word_1_136' title='bbox 860 1721 964 1795; x_wconf 92' lang='lat' dir='ltr'>ipsum,</span> <span class='ocrx_word' id='word_1_137' title='bbox 979 1730 1010 1777; x_wconf 90' lang='lat' dir='ltr'>ut</span> <span class='ocrx_word' id='word_1_138' title='bbox 1032 1720 1158 1794; x_wconf 90' lang='lat' dir='ltr'>primum</span> 
     </span>
     <span class='ocr_line' id='line_1_17' title="bbox 160 1814 1156 1894; baseline 0.004 -24"><span class='ocrx_word' id='word_1_139' title='bbox 160 1814 299 1874; x_wconf 90' lang='lat' dir='ltr'>invenero</span> <span class='ocrx_word' id='word_1_140' title='bbox 324 1818 448 1893; x_wconf 92' lang='lat' dir='ltr'>aliquem</span> <span class='ocrx_word' id='word_1_141' title='bbox 470 1820 519 1894; x_wconf 92' lang='lat' dir='ltr'>qui</span> <span class='ocrx_word' id='word_1_142' title='bbox 548 1837 609 1877; x_wconf 93' lang='lat' dir='ltr'>non</span> <span class='ocrx_word' id='word_1_143' title='bbox 637 1828 778 1894; x_wconf 87' lang='lat' dir='ltr'>gravetur,</span> <span class='ocrx_word' id='word_1_144' title='bbox 801 1819 912 1876; x_wconf 91' lang='lat' dir='ltr'>mittam</span> <span class='ocrx_word' id='word_1_145' title='bbox 941 1819 991 1876; x_wconf 87' lang='lat' dir='ltr'>tibi</span> <span class='ocrx_word' id='word_1_146' title='bbox 1013 1817 1057 1874; x_wconf 89' lang='lat' dir='ltr'>vel</span> <span class='ocrx_word' id='word_1_147' title='bbox 1084 1817 1156 1892; x_wconf 88' lang='lat' dir='ltr'>ipse,</span> 
     </span>
     <span class='ocr_line' id='line_1_18' title="bbox 161 1915 1158 1989; baseline 0.001 -19"><span class='ocrx_word' id='word_1_148' title='bbox 161 1915 242 1989; x_wconf 92' lang='lat' dir='ltr'>quod</span> <span class='ocrx_word' id='word_1_149' title='bbox 269 1917 368 1987; x_wconf 88' lang='lat' dir='ltr'>mavis,</span> <span class='ocrx_word' id='word_1_150' title='bbox 397 1917 526 1975; x_wconf 88' lang='lat' dir='ltr'>adseram</span> <span class='ocrx_word' id='word_1_151' title='bbox 559 1936 684 1976; x_wconf 89' lang='lat' dir='ltr'>mecum.</span> <span class='ocrx_word' id='word_1_152' title='bbox 737 1916 859 1975; x_wconf 90' lang='lat' dir='ltr'>Destino</span> <span class='ocrx_word' id='word_1_153' title='bbox 888 1917 974 1987; x_wconf 90' lang='lat' dir='ltr'>enim,</span> <span class='ocrx_word' id='word_1_154' title='bbox 1003 1917 1026 1974; x_wconf 92' lang='lat' dir='ltr'>si</span> <span class='ocrx_word' id='word_1_155' title='bbox 1060 1925 1158 1973; x_wconf 91' lang='lat' dir='ltr'>tamen</span> 
     </span>
     <span class='ocr_line' id='line_1_19' title="bbox 161 2011 1159 2093; baseline 0.002 -25"><span class='ocrx_word' id='word_1_156' title='bbox 161 2011 248 2070; x_wconf 88' lang='lat' dir='ltr'>officii</span> <span class='ocrx_word' id='word_1_157' title='bbox 274 2016 346 2073; x_wconf 90' lang='lat' dir='ltr'>ratio</span> <span class='ocrx_word' id='word_1_158' title='bbox 375 2017 543 2093; x_wconf 86' lang='lat' dir='ltr'>permiserit,</span> <span class='ocrx_word' id='word_1_159' title='bbox 566 2034 717 2075; x_wconf 78' lang='lat' dir='ltr'>excurrere</span> <span class='ocrx_word' id='word_1_160' title='bbox 746 2016 809 2074; x_wconf 88' lang='lat' dir='ltr'>isto.</span> <span class='ocrx_word' id='word_1_161' title='bbox 854 2015 973 2074; x_wconf 85' lang='lat' dir='ltr'>Gaudes</span> <span class='ocrx_word' id='word_1_162' title='bbox 1001 2014 1083 2091; x_wconf 92' lang='lat' dir='ltr'>quod</span> <span class='ocrx_word' id='word_1_163' title='bbox 1110 2031 1159 2070; x_wconf 88' lang='lat' dir='ltr'>me</span> 
     </span>
     <span class='ocr_line' id='line_1_20' title="bbox 119 2113 1158 2190; baseline -0.001 -20"><span class='ocrx_word' id='word_1_164' title='bbox 119 2137 132 2170; x_wconf 90' lang='lat'>2</span> <span class='ocrx_word' id='word_1_165' title='bbox 137 2139 150 2186; x_wconf 81' lang='lat'>5</span> <span class='ocrx_word' id='word_1_166' title='bbox 161 2121 312 2169; x_wconf 90' lang='lat' dir='ltr'>venturum</span> <span class='ocrx_word' id='word_1_167' title='bbox 327 2131 389 2172; x_wconf 90' lang='lat' dir='ltr'>esse</span> <span class='ocrx_word' id='word_1_168' title='bbox 404 2114 552 2190; x_wconf 87' lang='lat' dir='ltr'>polliceor,</span> <span class='ocrx_word' id='word_1_169' title='bbox 564 2115 615 2172; x_wconf 93' lang='lat' dir='ltr'>sed</span> <span class='ocrx_word' id='word_1_170' title='bbox 631 2115 783 2173; x_wconf 88' lang='lat' dir='ltr'>contrahes</span> <span class='ocrx_word' id='word_1_171' title='bbox 795 2115 929 2183; x_wconf 83' lang='lat' dir='ltr'>frontem,</span> <span class='ocrx_word' id='word_1_172' title='bbox 942 2132 1009 2172; x_wconf 94' lang='lat' dir='ltr'>cum</span> <span class='ocrx_word' id='word_1_173' title='bbox 1024 2113 1158 2170; x_wconf 86' lang='lat' dir='ltr'>adiecero</span> 
     </span>
     <span class='ocr_line' id='line_1_21' title="bbox 161 2209 1157 2287; baseline 0 -22"><span class='ocrx_word' id='word_1_174' title='bbox 161 2209 199 2265; x_wconf 88' lang='lat' dir='ltr'>ad</span> <span class='ocrx_word' id='word_1_175' title='bbox 219 2227 328 2285; x_wconf 90' lang='lat' dir='ltr'>paucos</span> <span class='ocrx_word' id='word_1_176' title='bbox 348 2212 426 2270; x_wconf 92' lang='lat' dir='ltr'>dies:</span> <span class='ocrx_word' id='word_1_177' title='bbox 450 2214 637 2287; x_wconf 90' lang='lat' dir='ltr'>nequeenim</span> <span class='ocrx_word' id='word_1_178' title='bbox 658 2212 763 2270; x_wconf 90' lang='lat' dir='ltr'>diutius</span> <span class='ocrx_word' id='word_1_179' title='bbox 783 2214 885 2271; x_wconf 91' lang='lat' dir='ltr'>abesse</span> <span class='ocrx_word' id='word_1_180' title='bbox 904 2229 952 2269; x_wconf 93' lang='lat' dir='ltr'>me</span> <span class='ocrx_word' id='word_1_181' title='bbox 966 2211 1070 2270; x_wconf 89' lang='lat' dir='ltr'>eadem</span> <span class='ocrx_word' id='word_1_182' title='bbox 1085 2209 1157 2266; x_wconf 88' lang='lat' dir='ltr'>haec</span> 
     </span>
     <span class='ocr_line' id='line_1_22' title="bbox 161 2309 766 2387; baseline 0.007 -23"><span class='ocrx_word' id='word_1_183' title='bbox 161 2326 237 2384; x_wconf 88' lang='lat' dir='ltr'>quae</span> <span class='ocrx_word' id='word_1_184' title='bbox 252 2311 383 2368; x_wconf 91' lang='lat' dir='ltr'>nondum</span> <span class='ocrx_word' id='word_1_185' title='bbox 398 2311 475 2368; x_wconf 86' lang='lat' dir='ltr'>exire</span> <span class='ocrx_word' id='word_1_186' title='bbox 490 2311 641 2387; x_wconf 86' lang='lat' dir='ltr'>patiuntur.</span> <span class='ocrx_word' id='word_1_187' title='bbox 683 2309 766 2368; x_wconf 90' lang='lat' dir='ltr'>Vale.</span> 
     </span>
    </p>
   </div>
   <div class='ocr_carea' id='block_1_3' title="bbox 493 2618 829 2700">
    <p class='ocr_par' dir='ltr' id='par_1_3' title="bbox 493 2618 829 2700">
     <span class='ocr_line' id='line_1_23' title="bbox 493 2618 829 2700; baseline -0.006 -20"><span class='ocrx_word' id='word_1_188' title='bbox 493 2627 545 2682; x_wconf 84' lang='lat'>27.</span> <span class='ocrx_word' id='word_1_189' title='bbox 588 2618 716 2699; x_wconf 81' lang='lat' dir='ltr'>(Boou</span> <span class='ocrx_word' id='word_1_190' title='bbox 740 2640 766 2696; x_wconf 79' lang='lat'>3.</span> <span class='ocrx_word' id='word_1_191' title='bbox 790 2619 829 2700; x_wconf 76' lang='lat'>7.)</span> 
     </span>
    </p>
   </div>
   <div class='ocr_carea' id='block_1_4' title="bbox 161 2762 1160 3006">
    <p class='ocr_par' dir='ltr' id='par_1_4' title="bbox 161 2762 1160 3006">
     <span class='ocr_line' id='line_1_24' title="bbox 196 2762 1160 2832; baseline -0.003 -15"><span class='ocrx_word' id='word_1_192' title='bbox 196 2769 268 2832; x_wconf 89' lang='lat' dir='ltr'>Pliny</span> <span class='ocrx_word' id='word_1_193' title='bbox 278 2769 346 2832; x_wconf 88' lang='lat' dir='ltr'>gives</span> <span class='ocrx_word' id='word_1_194' title='bbox 361 2785 377 2816; x_wconf 85' lang='lat' dir='ltr'>a</span> <span class='ocrx_word' id='word_1_195' title='bbox 394 2768 480 2817; x_wconf 92' lang='lat' dir='ltr'>sketch</span> <span class='ocrx_word' id='word_1_196' title='bbox 492 2767 521 2816; x_wconf 89' lang='lat' dir='ltr'>os</span> <span class='ocrx_word' id='word_1_197' title='bbox 533 2768 574 2816; x_wconf 92' lang='lat' dir='ltr'>the</span> <span class='ocrx_word' id='word_1_198' title='bbox 590 2767 634 2816; x_wconf 83' lang='lat' dir='ltr'>lise</span> <span class='ocrx_word' id='word_1_199' title='bbox 650 2767 699 2816; x_wconf 89' lang='lat' dir='ltr'>aud</span> <span class='ocrx_word' id='word_1_200' title='bbox 714 2767 820 2816; x_wconf 88' lang='lat' dir='ltr'>abilities</span> <span class='ocrx_word' id='word_1_201' title='bbox 832 2767 861 2816; x_wconf 83' lang='lat' dir='ltr'>os</span> <span class='ocrx_word' id='word_1_202' title='bbox 873 2767 947 2816; x_wconf 90' lang='lat' dir='ltr'>Silius</span> <span class='ocrx_word' id='word_1_203' title='bbox 960 2762 1001 2815; x_wconf 90' lang='lat' dir='ltr'>the</span> <span class='ocrx_word' id='word_1_204' title='bbox 1018 2773 1091 2830; x_wconf 88' lang='lat' dir='ltr'>poet;</span> <span class='ocrx_word' id='word_1_205' title='bbox 1112 2766 1160 2815; x_wconf 90' lang='lat' dir='ltr'>and</span> 
     </span>
     <span class='ocr_line' id='line_1_25' title="bbox 162 2848 1160 2914; baseline -0.004 -14"><span class='ocrx_word' id='word_1_206' title='bbox 162 2851 234 2900; x_wconf 83' lang='lat' dir='ltr'>takes</span> <span class='ocrx_word' id='word_1_207' title='bbox 250 2851 364 2900; x_wconf 85' lang='lat' dir='ltr'>occasion</span> <span class='ocrx_word' id='word_1_208' title='bbox 377 2851 409 2914; x_wconf 89' lang='lat' dir='ltr'>by</span> <span class='ocrx_word' id='word_1_209' title='bbox 421 2851 459 2898; x_wconf 93' lang='lat' dir='ltr'>his</span> <span class='ocrx_word' id='word_1_210' title='bbox 471 2850 545 2898; x_wconf 90' lang='lat' dir='ltr'>death</span> <span class='ocrx_word' id='word_1_211' title='bbox 560 2850 623 2898; x_wconf 94' lang='lat' dir='ltr'>both</span> <span class='ocrx_word' id='word_1_212' title='bbox 635 2857 661 2898; x_wconf 92' lang='lat' dir='ltr'>to</span> <span class='ocrx_word' id='word_1_213' title='bbox 673 2849 755 2899; x_wconf 88' lang='lat' dir='ltr'>reflect</span> <span class='ocrx_word' id='word_1_214' title='bbox 771 2866 803 2898; x_wconf 91' lang='lat' dir='ltr'>on</span> <span class='ocrx_word' id='word_1_215' title='bbox 815 2851 856 2899; x_wconf 90' lang='lat' dir='ltr'>the</span> <span class='ocrx_word' id='word_1_216' title='bbox 874 2851 998 2899; x_wconf 88' lang='lat' dir='ltr'>shortness</span> <span class='ocrx_word' id='word_1_217' title='bbox 1013 2850 1041 2898; x_wconf 84' lang='lat' dir='ltr'>ol</span> <span class='ocrx_word' id='word_1_218' title='bbox 1052 2849 1100 2907; x_wconf 90' lang='lat' dir='ltr'>lise,</span> <span class='ocrx_word' id='word_1_219' title='bbox 1112 2848 1160 2898; x_wconf 87' lang='lat' dir='ltr'>and</span> 
     </span>
     <span class='ocr_line' id='line_1_26' title="bbox 161 2932 717 3006; baseline -0.002 -24"><span class='ocrx_word' id='word_1_220' title='bbox 161 2934 237 3001; x_wconf 86' lang='lat' dir='ltr'>again</span> <span class='ocrx_word' id='word_1_221' title='bbox 249 2942 275 2982; x_wconf 93' lang='lat' dir='ltr'>to</span> <span class='ocrx_word' id='word_1_222' title='bbox 288 2949 348 2996; x_wconf 89' lang='lat' dir='ltr'>urge</span> <span class='ocrx_word' id='word_1_223' title='bbox 361 2932 478 2982; x_wconf 90' lang='lat' dir='ltr'>Caninius</span> <span class='ocrx_word' id='word_1_224' title='bbox 490 2939 517 2980; x_wconf 95' lang='lat' dir='ltr'>to</span> <span class='ocrx_word' id='word_1_225' title='bbox 529 2932 628 2994; x_wconf 87' lang='lat' dir='ltr'>literary</span> <span class='ocrx_word' id='word_1_226' title='bbox 639 2933 717 3006; x_wconf 80' lang='lat' dir='ltr'>ellort.</span> 
     </span>
    </p>
   </div>
   <div class='ocr_carea' id='block_1_5' title="bbox 406 3086 920 3129">
    <p class='ocr_par' dir='ltr' id='par_1_5' title="bbox 406 3086 920 3129">
     <span class='ocr_line' id='line_1_27' title="bbox 406 3086 920 3129; baseline -0.002 0"><span class='ocrx_word' id='word_1_227' title='bbox 406 3089 431 3129; x_wconf 86' lang='lat' dir='ltr'>C.</span> <span class='ocrx_word' id='word_1_228' title='bbox 453 3087 565 3128; x_wconf 85' lang='lat' dir='ltr'><strong>PLINIUS</strong></span> <span class='ocrx_word' id='word_1_229' title='bbox 586 3087 702 3129; x_wconf 81' lang='lat' dir='ltr'>CANINIO</span> <span class='ocrx_word' id='word_1_230' title='bbox 723 3087 801 3129; x_wconf 75' lang='lat' dir='ltr'>RUFO</span> <span class='ocrx_word' id='word_1_231' title='bbox 822 3086 876 3128; x_wconf 87' lang='lat' dir='ltr'>SUO</span> <span class='ocrx_word' id='word_1_232' title='bbox 897 3086 920 3128; x_wconf 90' lang='lat' dir='ltr'>S.</span> 
     </span>
    </p>
   </div>
   <div class='ocr_carea' id='block_1_6' title="bbox 139 3213 1166 3688">
    <p class='ocr_par' dir='ltr' id='par_1_6' title="bbox 163 3213 1166 3587">
     <span class='ocr_line' id='line_1_28' title="bbox 204 3213 1166 3293; baseline -0.005 -17"><span class='ocrx_word' id='word_1_233' title='bbox 204 3215 299 3276; x_wconf 92' lang='lat' dir='ltr'>Modo</span> <span class='ocrx_word' id='word_1_234' title='bbox 325 3217 473 3275; x_wconf 87' lang='lat' dir='ltr'>nuntiatus</span> <span class='ocrx_word' id='word_1_235' title='bbox 502 3226 547 3275; x_wconf 93' lang='lat' dir='ltr'>est</span> <span class='ocrx_word' id='word_1_236' title='bbox 575 3217 659 3275; x_wconf 90' lang='lat' dir='ltr'>Silius</span> <span class='ocrx_word' id='word_1_237' title='bbox 689 3213 806 3275; x_wconf 88' lang='lat' dir='ltr'>Italicus</span> <span class='ocrx_word' id='word_1_238' title='bbox 834 3217 864 3273; x_wconf 91' lang='lat' dir='ltr'>in</span> <span class='ocrx_word' id='word_1_239' title='bbox 890 3215 1086 3293; x_wconf 89' lang='lat' dir='ltr'>Neapolitano</span> <span class='ocrx_word' id='word_1_240' title='bbox 1109 3231 1166 3286; x_wconf 89' lang='lat' dir='ltr'>suo</span> 
     </span>
     <span class='ocr_line' id='line_1_29' title="bbox 163 3312 1163 3374; baseline -0.004 0"><span class='ocrx_word' id='word_1_241' title='bbox 163 3316 260 3374; x_wconf 91' lang='lat' dir='ltr'>inedia</span> <span class='ocrx_word' id='word_1_242' title='bbox 274 3315 372 3374; x_wconf 90' lang='lat' dir='ltr'>finisse</span> <span class='ocrx_word' id='word_1_243' title='bbox 386 3317 482 3373; x_wconf 91' lang='lat' dir='ltr'>vitam.</span> <span class='ocrx_word' id='word_1_244' title='bbox 525 3313 622 3373; x_wconf 88' lang='lat' dir='ltr'>Causa</span> <span class='ocrx_word' id='word_1_245' title='bbox 636 3315 738 3372; x_wconf 88' lang='lat' dir='ltr'>mortis</span> <span class='ocrx_word' id='word_1_246' title='bbox 752 3314 894 3373; x_wconf 81' lang='lat' dir='ltr'>valetudo,</span> <span class='ocrx_word' id='word_1_247' title='bbox 936 3315 1004 3372; x_wconf 87' lang='lat' dir='ltr'>Erat</span> <span class='ocrx_word' id='word_1_248' title='bbox 1024 3312 1061 3369; x_wconf 93' lang='lat' dir='ltr'>illi</span> <span class='ocrx_word' id='word_1_249' title='bbox 1079 3321 1163 3370; x_wconf 88' lang='lat' dir='ltr'>natus</span> 
     </span>
     <span class='ocr_line' id='line_1_30' title="bbox 163 3411 1163 3482; baseline -0.002 -10"><span class='ocrx_word' id='word_1_250' title='bbox 163 3413 331 3473; x_wconf 88' lang='lat' dir='ltr'>insanabilis</span> <span class='ocrx_word' id='word_1_251' title='bbox 346 3413 451 3482; x_wconf 88' lang='lat' dir='ltr'>clavus,</span> <span class='ocrx_word' id='word_1_252' title='bbox 467 3413 548 3472; x_wconf 91' lang='lat' dir='ltr'>cuius</span> <span class='ocrx_word' id='word_1_253' title='bbox 568 3413 664 3470; x_wconf 89' lang='lat' dir='ltr'>taedio</span> <span class='ocrx_word' id='word_1_254' title='bbox 684 3412 722 3470; x_wconf 88' lang='lat' dir='ltr'>ad</span> <span class='ocrx_word' id='word_1_255' title='bbox 743 3423 866 3471; x_wconf 93' lang='lat' dir='ltr'>mortem</span> <span class='ocrx_word' id='word_1_256' title='bbox 888 3411 1072 3470; x_wconf 87' lang='lat' dir='ltr'>inrevocabili</span> <span class='ocrx_word' id='word_1_257' title='bbox 1093 3431 1163 3470; x_wconf 93' lang='lat' dir='ltr'>con·</span> 
     </span>
     <span class='ocr_line' id='line_1_31' title="bbox 164 3509 1164 3587; baseline -0.006 -16"><span class='ocrx_word' id='word_1_258' title='bbox 164 3513 268 3572; x_wconf 90' lang='lat' dir='ltr'>stantia</span> <span class='ocrx_word' id='word_1_259' title='bbox 286 3512 455 3583; x_wconf 90' lang='lat' dir='ltr'>decucurrit,</span> <span class='ocrx_word' id='word_1_260' title='bbox 471 3530 564 3587; x_wconf 92' lang='lat' dir='ltr'>usqne</span> <span class='ocrx_word' id='word_1_261' title='bbox 585 3512 623 3569; x_wconf 94' lang='lat' dir='ltr'>ad</span> <span class='ocrx_word' id='word_1_262' title='bbox 642 3529 809 3586; x_wconf 90' lang='lat' dir='ltr'>supremum</span> <span class='ocrx_word' id='word_1_263' title='bbox 828 3511 905 3568; x_wconf 92' lang='lat' dir='ltr'>diem</span> <span class='ocrx_word' id='word_1_264' title='bbox 924 3511 1026 3567; x_wconf 85' lang='lat' dir='ltr'>heatus</span> <span class='ocrx_word' id='word_1_265' title='bbox 1044 3520 1072 3568; x_wconf 92' lang='lat' dir='ltr'>et</span> <span class='ocrx_word' id='word_1_266' title='bbox 1087 3509 1164 3573; x_wconf 83' lang='lat' dir='ltr'>felix,</span> 
     </span>
    </p>

    <p class='ocr_par' dir='ltr' id='par_1_7' title="bbox 139 3607 1160 3688">
     <span class='ocr_line' id='line_1_32' title="bbox 139 3607 1160 3688; baseline -0.008 -18"><span class='ocrx_word' id='word_1_267' title='bbox 139 3612 221 3676; x_wconf 86' lang='lat' dir='ltr'>5nisi</span> <span class='ocrx_word' id='word_1_268' title='bbox 240 3611 321 3688; x_wconf 94' lang='lat' dir='ltr'>quod</span> <span class='ocrx_word' id='word_1_269' title='bbox 342 3611 484 3669; x_wconf 79' lang='lat' dir='ltr'>minorem</span> <span class='ocrx_word' id='word_1_270' title='bbox 504 3627 540 3668; x_wconf 85' lang='lat' dir='ltr'>ex</span> <span class='ocrx_word' id='word_1_271' title='bbox 562 3610 657 3668; x_wconf 89' lang='lat' dir='ltr'>liberis</span> <span class='ocrx_word' id='word_1_272' title='bbox 679 3609 794 3672; x_wconf 87' lang='lat' dir='ltr'>duobus</span> <span class='ocrx_word' id='word_1_273' title='bbox 816 3609 926 3682; x_wconf 89' lang='lat' dir='ltr'>amisit;</span> <span class='ocrx_word' id='word_1_274' title='bbox 950 3607 1002 3666; x_wconf 92' lang='lat' dir='ltr'>sed</span> <span class='ocrx_word' id='word_1_275' title='bbox 1022 3608 1160 3665; x_wconf 90' lang='lat' dir='ltr'>maiorem</span> 
     </span>
    </p>
   </div>
   <div class='ocr_carea' id='block_1_7' title="bbox 0 0 1340 3914">
    <p class='ocr_par' dir='ltr' id='par_1_8' title="bbox 0 0 1340 3914">
     <span class='ocr_line' id='line_1_33' title="bbox 0 0 1340 3914; baseline 0 0"><span class='ocrx_word' id='word_1_276' title='bbox 0 0 1340 3914; x_wconf 95' lang='lat' dir='ltr'> </span> 
     </span>
    </p>
   </div>
  </div>
 </body>
</html>
