2662 3914
200 119 242 200 96
467 132 490 180 A
515 133 714 182 saaucrrou
733 133 837 182 raom
859 131 931 180 rurs

151 287 153 298 '
197 288 333 348 homines
351 290 432 367 quod
450 291 548 364 facias,
563 310 601 351 an
622 310 684 350 non
703 292 835 368 probent.
877 289 1017 364 Longum
1037 299 1081 348 est
1101 290 1207 349 omnia
1223 309 1272 359 45·

198 406 273 464 quae
287 400 356 448 tunc
371 390 522 450 hincinde
539 392 614 450 iacta
631 400 698 449 sunt
712 407 871 448 recensere.
913 387 1082 447 Novissime
1097 389 1207 449 consul

199 486 361 559 ‘Secunde
380 489 539 548 sententiae
557 489 625 550 loco
645 491 734 560 dices,
756 488 853 563 siquid
871 488 1014 546 volueris!
1057 487 1206 548 ‘Permis-

197 586 272 644 eras'
307 587 428 662 inquam
464 589 564 664 ‘quod
597 607 691 664 usque
726 588 821 647 adhuc
856 588 992 646 omnibus
1027 586 1205 662 permisisti?

197 683 325 744 Resido:
356 696 480 762 aguntur
498 687 561 747 alia.
604 685 724 746 Interim
743 705 791 746 me
811 686 930 763 quidam
944 704 982 744 ex
996 685 1205 744 consularibus

197 783 297 842 amicis
332 795 445 843 secreto
481 796 641 862 curatoque
678 803 814 844 sermone
849 785 932 861 quasi
967 784 1054 842 nimis
1089 783 1205 843 sortiter
1221 801 1255 852 50

196 882 367 959 incauteque
382 901 571 960 progressum
591 884 716 960 corripit,
730 895 856 954 revocat,
870 893 972 943 monet
990 893 1023 940 ut
1041 881 1203 953 desistam;

196 981 284 1040 adicit
324 982 412 1040 etiam
452 982 631 1041 ‘notabilem
670 992 698 1041 te
733 982 834 1042 futuris
873 982 1054 1058 principibus
1089 979 1225 1041 fecisti).

196 1079 302 1139 ‘Esto'
326 1081 454 1156 inquam,
479 1081 569 1140 ‘dum
594 1081 696 1140 malis!
738 1081 798 1139 Vix
824 1081 870 1140 ille
895 1081 1075 1152 discesserat,
1100 1098 1204 1138 rursus

195 1177 267 1238 alter
291 1179 383 1254 ‘quid
410 1179 519 1238 audes?
555 1197 614 1255 quo
639 1181 718 1238 ruis?
750 1180 855 1256 quibus
878 1189 907 1238 te
928 1179 1064 1255 periculis
1086 1178 1203 1238 obicis?

196 1277 267 1353 quid
294 1278 494 1353 praesentibus
523 1278 655 1350 confidis,
683 1280 809 1338 incertus
834 1278 1021 1336 futurorum?
1063 1274 1203 1334 Lacessis
1218 1294 1251 1344 55

195 1374 346 1433 hominem
370 1376 429 1434 iam
451 1377 631 1452 praesectum
655 1377 756 1435 aerarii
780 1387 809 1434 et
832 1376 911 1434 brevi
937 1375 1096 1445 consulem,
1115 1392 1202 1450 prae-

195 1484 274 1532 terea
288 1491 346 1549 qua
360 1475 461 1548 gratia,
473 1475 577 1552 quibus
589 1475 721 1534 amicitiis
735 1472 869 1534 fultuml'
891 1475 1023 1533 nominat
1037 1474 1200 1549 quendam,

196 1574 244 1649 qui
265 1582 336 1632 tune
358 1574 395 1632 ad
416 1575 558 1633 orientem
580 1575 792 1652 amplissimum
813 1583 842 1632 et
864 1573 1093 1632 famosissimum
1115 1591 1200 1631 exer-

194 1673 284 1731 citum
298 1690 360 1730 uon
373 1674 436 1732 sine
453 1675 569 1750 magnis
588 1675 741 1750 dubiisque
761 1672 926 1731 rumoribus
947 1672 1105 1730 obtinebat.
1148 1673 1200 1732 Ad

194 1771 267 1830 haec
286 1790 343 1847 ego
366 1774 485 1831 ‘omnia
498 1777 633 1850 praecepi
647 1783 734 1849 atque
754 1772 853 1831 animo
874 1788 991 1830 mecum
1005 1781 1072 1829 ante
1086 1769 1199 1845 peregi,
1214 1777 1248 1826 60

194 1887 249 1928 nec
273 1887 386 1941 recuso,
409 1871 432 1929 si
453 1871 493 1929 ita
515 1889 599 1930 casus
621 1872 755 1940 attulerit,
776 1871 854 1929 luere
878 1887 990 1945 poenas
1015 1870 1055 1928 ob
1077 1867 1199 1926 honest-

194 1968 327 2049 issimum
364 1967 481 2038 sactum,
518 1969 588 2028 dum
629 1968 887 2045 flagitiosissimum
924 1957 1088 2028 ulciscor!¹
1129 1965 1198 2024 Iam

195 2066 334 2124 censendi
356 2075 481 2142 tempus.
530 2065 608 2126 Dicit
631 2067 778 2127 Domitius
803 2066 990 2144 Apollinaris,
1016 2063 1118 2124 consul
1144 2064 1198 2124 de-

195 2164 334 2241 signatus,
350 2165 418 2225 dicit
437 2165 585 2225 Fabricius
599 2165 733 2238 Vcient0,
751 2165 857 2226 Fabius
879 2164 1067 2235 Maximinus,
1081 2163 1197 2224 Vettius

194 2262 343 2337 Proculus,
370 2265 484 2340 collega
512 2263 624 2326 Publici
652 2264 738 2338 Certi,
765 2265 802 2323 de
833 2280 893 2341 quo
920 2264 1067 2339 agebatur,
1095 2263 1197 2321 uxoris
1210 2267 1241 2332 65

194 2381 286 2434 meae,
301 2381 390 2439 quarn
412 2365 573 2436 amiseram,
593 2365 717 2436 vitricus,
739 2373 808 2440 post
826 2363 882 2421 hos
904 2362 1040 2420 Ammius
1062 2361 1193 2420 Flaccus.

195 2459 308 2520 Omnes
330 2462 449 2521 Certum
473 2463 606 2521 nondum
630 2482 648 2522 a
672 2480 720 2521 me
744 2462 930 2520 nominatum
952 2470 985 2518 ut
1013 2461 1197 2520 nominatum

194 2558 354 2619 defendunt
378 2561 545 2636 crimenque
568 2562 651 2636 quasi
679 2562 710 2618 in
736 2560 835 2619 medio
865 2559 996 2618 relictum
1024 2557 1196 2618 defensione

194 2657 361 2734 suscipiunt.
405 2658 489 2730 Quae
512 2669 661 2736 praeterea
681 2659 812 2729 dixerint,
835 2667 963 2716 nonest
985 2676 1104 2716 necesse
1130 2676 1195 2717 nar-

193 2773 272 2827 rare;
307 2756 338 2812 in
361 2757 439 2817 libris
461 2758 560 2817 habes.
614 2757 686 2816 Sum
710 2757 788 2816 enim
817 2767 922 2816 cuncta
944 2757 1076 2832 ipsorum
1101 2758 1194 2816 verbis
1211 2768 1239 2820 70

193 2863 368 2930 persecutus.
433 2855 543 2916 Dicunt
582 2865 683 2916 contra
716 2855 838 2914 Avidius
878 2855 1010 2928 Quietus
1046 2853 1194 2915 Cornutus

193 2952 359 3014 Tertullus:
389 2953 521 3027 Quietus,
542 2955 756 3033 iniquissimum
785 2973 850 3014 esse
862 2955 1014 3031 ,querellas
1032 2955 1194 3014 dolentium

193 3053 316 3126 excludi,
338 3052 464 3130 ideoque
478 3054 580 3115 Arriae
602 3065 631 3114 et
650 3054 781 3114 Fanniae
796 3055 840 3112 ius
854 3054 996 3130 querendi
1009 3071 1072 3112 non
1100 3053 1194 3112 aufer·

192 3154 310 3224 endum,
338 3170 394 3211 nec
428 3153 576 3225 interesse,
605 3153 687 3212 cuius
721 3153 829 3212 ordinis
857 3153 923 3228 quis
951 3154 995 3224 sit,
1025 3153 1076 3212 sed
1104 3171 1193 3230 quam

192 3270 312 3312 causam
332 3251 454 3311 habeat:
485 3251 641 3325 Cornutus,
663 3253 764 3312 datum
785 3271 817 3312 se
835 3272 854 3312 a
873 3252 1041 3313 consulibus
1065 3262 1191 3312 tutorem
1208 3264 1236 3320 75

192 3348 310 3410 Helvidi
323 3350 399 3410 filiae
413 3353 579 3429 petentibus
593 3363 685 3412 matre
704 3353 766 3412 eius
785 3362 814 3412 et
832 3352 948 3426 vitric03
973 3371 1052 3412 nunc
1072 3369 1191 3430 quoque

191 3465 253 3506 non
268 3449 407 3510 sustinere
422 3451 553 3510 deserere
572 3450 659 3510 officii
678 3452 723 3511 sui
742 3459 847 3527 partes,
861 3451 892 3508 in
906 3467 966 3527 quo
980 3461 1079 3511 tamen
1094 3461 1122 3510 et
1137 3469 1190 3510 suo

193 3545 285 3606 dolori
309 3549 432 3610 modurn
454 3550 596 3628 inponere
618 3559 647 3610 et
671 3550 846 3628 optimarum
871 3549 1043 3610 feminarum
1064 3549 1190 3627 perferre
