<?xml version="1.0" encoding="UTF-8"?>
<!DOCTYPE html PUBLIC "-//W3C//DTD XHTML 1.0 Transitional//EN"
    "http://www.w3.org/TR/xhtml1/DTD/xhtml1-transitional.dtd">
<html xmlns="http://www.w3.org/1999/xhtml" xml:lang="en" lang="en">
 <head>
  <title>
</title>
<meta http-equiv="Content-Type" content="text/html;charset=utf-8" />
  <meta name='ocr-system' content='tesseract 3.04.00' />
  <meta name='ocr-capabilities' content='ocr_page ocr_carea ocr_par ocr_line ocrx_word'/>
</head>
<body>
  <div class='ocr_page' id='page_1' title='image "./selectedletters05plingoog_0039.png"; bbox 0 0 2646 3914; ppageno 0'>
   <div class='ocr_carea' id='block_1_1' title="bbox 169 136 898 206">
    <p class='ocr_par' dir='ltr' id='par_1_1' title="bbox 169 136 898 206">
     <span class='ocr_line' id='line_1_1' title="bbox 169 136 898 206; baseline -0.011 -14"><span class='ocrx_word' id='word_1_1' title='bbox 169 143 212 206; x_wconf 82' lang='lat'>24</span> <span class='ocrx_word' id='word_1_2' title='bbox 437 136 459 185; x_wconf 83' lang='lat' dir='ltr'><em>A</em></span> <span class='ocrx_word' id='word_1_3' title='bbox 483 138 684 187; x_wconf 80' lang='lat' dir='ltr'><em>SELECTION</em></span> <span class='ocrx_word' id='word_1_4' title='bbox 703 137 808 187; x_wconf 82' lang='lat' dir='ltr'><em>FROM</em></span> <span class='ocrx_word' id='word_1_5' title='bbox 829 136 898 185; x_wconf 82' lang='lat' dir='ltr'>THE</span> 
     </span>
    </p>
   </div>
   <div class='ocr_carea' id='block_1_2' title="bbox 106 293 1320 967">
    <p class='ocr_par' dir='ltr' id='par_1_2' title="bbox 106 293 1320 967">
     <span class='ocr_line' id='line_1_2' title="bbox 168 293 1169 373; baseline -0.005 -16"><span class='ocrx_word' id='word_1_6' title='bbox 168 298 235 357; x_wconf 91' lang='lat' dir='ltr'>licet</span> <span class='ocrx_word' id='word_1_7' title='bbox 256 297 365 356; x_wconf 79' lang='lat' dir='ltr'>tribuas</span> <span class='ocrx_word' id='word_1_8' title='bbox 393 296 419 354; x_wconf 89' lang='lat' dir='ltr'>ei</span> <span class='ocrx_word' id='word_1_9' title='bbox 443 305 584 372; x_wconf 89' lang='lat' dir='ltr'>quantum</span> <span class='ocrx_word' id='word_1_10' title='bbox 612 295 823 373; x_wconf 88' lang='lat' dir='ltr'>amplissimum</span> <span class='ocrx_word' id='word_1_11' title='bbox 851 304 944 372; x_wconf 91' lang='lat' dir='ltr'>potes,</span> <span class='ocrx_word' id='word_1_12' title='bbox 969 293 1040 353; x_wconf 91' lang='lat' dir='ltr'>nihil</span> <span class='ocrx_word' id='word_1_13' title='bbox 1068 304 1169 353; x_wconf 89' lang='lat' dir='ltr'>tamen</span> 
     </span>
     <span class='ocr_line' id='line_1_3' title="bbox 169 393 1217 472; baseline -0.003 -17"><span class='ocrx_word' id='word_1_14' title='bbox 169 396 293 471; x_wconf 90' lang='lat' dir='ltr'>amplius</span> <span class='ocrx_word' id='word_1_15' title='bbox 322 405 407 472; x_wconf 92' lang='lat' dir='ltr'>potes</span> <span class='ocrx_word' id='word_1_16' title='bbox 439 395 566 453; x_wconf 85' lang='lat' dir='ltr'>amicitia</span> <span class='ocrx_word' id='word_1_17' title='bbox 597 404 664 467; x_wconf 89' lang='lat' dir='ltr'>tua;</span> <span class='ocrx_word' id='word_1_18' title='bbox 700 395 782 453; x_wconf 89' lang='lat' dir='ltr'>cuius</span> <span class='ocrx_word' id='word_1_19' title='bbox 814 414 877 454; x_wconf 89' lang='lat' dir='ltr'>esse</span> <span class='ocrx_word' id='word_1_20' title='bbox 910 413 976 454; x_wconf 90' lang='lat' dir='ltr'>eum</span> <span class='ocrx_word' id='word_1_21' title='bbox 1007 412 1101 470; x_wconf 91' lang='lat' dir='ltr'>usque</span> <span class='ocrx_word' id='word_1_22' title='bbox 1129 393 1169 452; x_wconf 90' lang='lat' dir='ltr'>ad</span> <span class='ocrx_word' id='word_1_23' title='bbox 1184 409 1217 459; x_wconf 79' lang='lat'>30</span> 
     </span>
     <span class='ocr_line' id='line_1_4' title="bbox 106 493 1170 570; baseline -0.002 -17"><span class='ocrx_word' id='word_1_24' title='bbox 106 504 109 513; x_wconf 76' lang='lat'><em>&#39;</em></span> <span class='ocrx_word' id='word_1_25' title='bbox 168 495 301 553; x_wconf 89' lang='lat' dir='ltr'>intimam</span> <span class='ocrx_word' id='word_1_26' title='bbox 322 493 543 552; x_wconf 79' lang='lat' dir='ltr'>familiaritatem</span> <span class='ocrx_word' id='word_1_27' title='bbox 565 511 705 570; x_wconf 89' lang='lat' dir='ltr'>capacem</span> <span class='ocrx_word' id='word_1_28' title='bbox 729 511 788 569; x_wconf 91' lang='lat' dir='ltr'>quo</span> <span class='ocrx_word' id='word_1_29' title='bbox 810 495 903 569; x_wconf 83' lang='lat' dir='ltr'>magis</span> <span class='ocrx_word' id='word_1_30' title='bbox 925 494 1022 565; x_wconf 80' lang='lat' dir='ltr'>scireS,</span> <span class='ocrx_word' id='word_1_31' title='bbox 1044 493 1170 551; x_wconf 91' lang='lat' dir='ltr'>breviter</span> 
     </span>
     <span class='ocr_line' id='line_1_5' title="bbox 168 591 1169 668; baseline 0 -17"><span class='ocrx_word' id='word_1_32' title='bbox 168 593 221 652; x_wconf 89' lang='lat' dir='ltr'>tibi</span> <span class='ocrx_word' id='word_1_33' title='bbox 251 592 354 663; x_wconf 90' lang='lat' dir='ltr'>studia,</span> <span class='ocrx_word' id='word_1_34' title='bbox 383 609 489 664; x_wconf 89' lang='lat' dir='ltr'>mores,</span> <span class='ocrx_word' id='word_1_35' title='bbox 518 609 638 650; x_wconf 90' lang='lat' dir='ltr'>ornnem</span> <span class='ocrx_word' id='word_1_36' title='bbox 666 592 792 668; x_wconf 90' lang='lat' dir='ltr'>denique</span> <span class='ocrx_word' id='word_1_37' title='bbox 819 593 907 651; x_wconf 89' lang='lat' dir='ltr'>vitam</span> <span class='ocrx_word' id='word_1_38' title='bbox 935 593 997 652; x_wconf 90' lang='lat' dir='ltr'>eius</span> <span class='ocrx_word' id='word_1_39' title='bbox 1028 591 1169 668; x_wconf 88' lang='lat' dir='ltr'>expressi.</span> 
     </span>
     <span class='ocr_line' id='line_1_6' title="bbox 168 691 1172 767; baseline -0.006 -15"><span class='ocrx_word' id='word_1_40' title='bbox 168 692 365 752; x_wconf 85' lang='lat' dir='ltr'>Extenderem</span> <span class='ocrx_word' id='word_1_41' title='bbox 379 709 490 766; x_wconf 87' lang='lat' dir='ltr'>preces,</span> <span class='ocrx_word' id='word_1_42' title='bbox 506 691 561 748; x_wconf 90' lang='lat' dir='ltr'>nisi</span> <span class='ocrx_word' id='word_1_43' title='bbox 582 700 611 748; x_wconf 94' lang='lat' dir='ltr'>et</span> <span class='ocrx_word' id='word_1_44' title='bbox 628 700 659 748; x_wconf 92' lang='lat' dir='ltr'>tu</span> <span class='ocrx_word' id='word_1_45' title='bbox 677 691 776 767; x_wconf 88' lang='lat' dir='ltr'>rogari</span> <span class='ocrx_word' id='word_1_46' title='bbox 795 691 843 750; x_wconf 94' lang='lat' dir='ltr'>diu</span> <span class='ocrx_word' id='word_1_47' title='bbox 865 691 966 763; x_wconf 91' lang='lat' dir='ltr'>nolles,</span> <span class='ocrx_word' id='word_1_48' title='bbox 981 700 1010 750; x_wconf 93' lang='lat' dir='ltr'>et</span> <span class='ocrx_word' id='word_1_49' title='bbox 1031 709 1089 766; x_wconf 83' lang='lat' dir='ltr'>ego</span> <span class='ocrx_word' id='word_1_50' title='bbox 1108 699 1172 748; x_wconf 90' lang='lat' dir='ltr'>tota</span> 
     </span>
     <span class='ocr_line' id='line_1_7' title="bbox 170 789 1170 867; baseline -0.005 -18"><span class='ocrx_word' id='word_1_51' title='bbox 170 791 228 850; x_wconf 93' lang='lat' dir='ltr'>hoc</span> <span class='ocrx_word' id='word_1_52' title='bbox 247 790 370 866; x_wconf 85' lang='lat' dir='ltr'>epistula</span> <span class='ocrx_word' id='word_1_53' title='bbox 388 789 539 848; x_wconf 87' lang='lat' dir='ltr'>fecissem:</span> <span class='ocrx_word' id='word_1_54' title='bbox 561 798 645 864; x_wconf 84' lang='lat' dir='ltr'>rogat</span> <span class='ocrx_word' id='word_1_55' title='bbox 661 789 749 861; x_wconf 89' lang='lat' dir='ltr'>enirn,</span> <span class='ocrx_word' id='word_1_56' title='bbox 770 799 798 849; x_wconf 92' lang='lat' dir='ltr'>et</span> <span class='ocrx_word' id='word_1_57' title='bbox 820 790 938 867; x_wconf 91' lang='lat' dir='ltr'>quidem</span> <span class='ocrx_word' id='word_1_58' title='bbox 960 789 1170 859; x_wconf 89' lang='lat' dir='ltr'>efficacissime,</span> 
     </span>
     <span class='ocr_line' id='line_1_8' title="bbox 171 885 1320 967; baseline -0.01 -21"><span class='ocrx_word' id='word_1_59' title='bbox 171 889 220 967; x_wconf 92' lang='lat' dir='ltr'>qui</span> <span class='ocrx_word' id='word_1_60' title='bbox 234 888 328 949; x_wconf 89' lang='lat' dir='ltr'>reddit</span> <span class='ocrx_word' id='word_1_61' title='bbox 342 906 443 947; x_wconf 87' lang='lat' dir='ltr'>causas</span> <span class='ocrx_word' id='word_1_62' title='bbox 459 886 591 963; x_wconf 88' lang='lat' dir='ltr'>rogandi.</span> <span class='ocrx_word' id='word_1_63' title='bbox 632 885 715 944; x_wconf 89' lang='lat' dir='ltr'>Vale.</span> <span class='ocrx_word' id='word_1_64' title='bbox 803 921 809 930; x_wconf 81' lang='lat'><em>-</em></span> <span class='ocrx_word' id='word_1_65' title='bbox 1186 903 1219 953; x_wconf 79' lang='lat'>35</span> <span class='ocrx_word' id='word_1_66' title='bbox 1319 916 1320 935; x_wconf 53' lang='lat' dir='ltr'>t</span> 
     </span>
    </p>
   </div>
   <div class='ocr_carea' id='block_1_3' title="bbox 490 1116 850 1199">
    <p class='ocr_par' dir='ltr' id='par_1_3' title="bbox 490 1116 850 1199">
     <span class='ocr_line' id='line_1_9' title="bbox 490 1116 850 1199; baseline 0.006 -22"><span class='ocrx_word' id='word_1_67' title='bbox 490 1125 544 1178; x_wconf 81' lang='lat'>20.</span> <span class='ocrx_word' id='word_1_68' title='bbox 587 1116 717 1197; x_wconf 83' lang='lat' dir='ltr'><strong>(BOOK</strong></span> <span class='ocrx_word' id='word_1_69' title='bbox 740 1139 766 1178; x_wconf 83' lang='lat' dir='ltr'>a.</span> <span class='ocrx_word' id='word_1_70' title='bbox 792 1118 850 1199; x_wconf 79' lang='lat'>14.)</span> 
     </span>
    </p>
   </div>
   <div class='ocr_carea' id='block_1_4' title="bbox 169 1247 1173 1478">
    <p class='ocr_par' dir='ltr' id='par_1_4' title="bbox 169 1247 1173 1478">
     <span class='ocr_line' id='line_1_10' title="bbox 202 1247 1173 1316; baseline -0.006 -15"><span class='ocrx_word' id='word_1_71' title='bbox 202 1251 275 1316; x_wconf 91' lang='lat' dir='ltr'>Pliny</span> <span class='ocrx_word' id='word_1_72' title='bbox 286 1249 423 1314; x_wconf 86' lang='lat' dir='ltr'>complains</span> <span class='ocrx_word' id='word_1_73' title='bbox 439 1248 494 1297; x_wconf 88' lang='lat' dir='ltr'>that</span> <span class='ocrx_word' id='word_1_74' title='bbox 506 1247 547 1297; x_wconf 89' lang='lat' dir='ltr'>the</span> <span class='ocrx_word' id='word_1_75' title='bbox 559 1247 719 1297; x_wconf 83' lang='lat' dir='ltr'>centumviral</span> <span class='ocrx_word' id='word_1_76' title='bbox 731 1255 807 1307; x_wconf 89' lang='lat' dir='ltr'>court,</span> <span class='ocrx_word' id='word_1_77' title='bbox 820 1249 845 1297; x_wconf 92' lang='lat' dir='ltr'>in</span> <span class='ocrx_word' id='word_1_78' title='bbox 856 1249 936 1297; x_wconf 86' lang='lat' dir='ltr'>which</span> <span class='ocrx_word' id='word_1_79' title='bbox 947 1249 987 1298; x_wconf 90' lang='lat' dir='ltr'>his</span> <span class='ocrx_word' id='word_1_80' title='bbox 998 1248 1108 1314; x_wconf 88' lang='lat' dir='ltr'>practice</span> <span class='ocrx_word' id='word_1_81' title='bbox 1118 1247 1173 1304; x_wconf 85' lang='lat' dir='ltr'>lies,</span> 
     </span>
     <span class='ocr_line' id='line_1_11' title="bbox 170 1329 1173 1396; baseline -0.004 -15"><span class='ocrx_word' id='word_1_82' title='bbox 170 1333 191 1381; x_wconf 91' lang='lat' dir='ltr'>is</span> <span class='ocrx_word' id='word_1_83' title='bbox 206 1333 281 1396; x_wconf 83' lang='lat' dir='ltr'>being</span> <span class='ocrx_word' id='word_1_84' title='bbox 297 1332 394 1396; x_wconf 86' lang='lat' dir='ltr'>rapidly</span> <span class='ocrx_word' id='word_1_85' title='bbox 406 1329 570 1380; x_wconf 88' lang='lat' dir='ltr'>deteriorated</span> <span class='ocrx_word' id='word_1_86' title='bbox 586 1330 620 1392; x_wconf 91' lang='lat' dir='ltr'>by</span> <span class='ocrx_word' id='word_1_87' title='bbox 639 1330 681 1378; x_wconf 93' lang='lat' dir='ltr'>the</span> <span class='ocrx_word' id='word_1_88' title='bbox 697 1330 812 1394; x_wconf 86' lang='lat' dir='ltr'>audacity</span> <span class='ocrx_word' id='word_1_89' title='bbox 828 1330 857 1379; x_wconf 83' lang='lat' dir='ltr'>oi</span> <span class='ocrx_word' id='word_1_90' title='bbox 868 1331 910 1379; x_wconf 91' lang='lat' dir='ltr'>the</span> <span class='ocrx_word' id='word_1_91' title='bbox 925 1346 1035 1394; x_wconf 84' lang='lat' dir='ltr'>younger</span> <span class='ocrx_word' id='word_1_92' title='bbox 1050 1329 1173 1395; x_wconf 90' lang='lat' dir='ltr'>pleaders,</span> 
     </span>
     <span class='ocr_line' id='line_1_12' title="bbox 169 1411 721 1478; baseline -0.002 -16"><span class='ocrx_word' id='word_1_93' title='bbox 169 1414 220 1463; x_wconf 86' lang='lat' dir='ltr'>and</span> <span class='ocrx_word' id='word_1_94' title='bbox 231 1414 273 1463; x_wconf 91' lang='lat' dir='ltr'>the</span> <span class='ocrx_word' id='word_1_95' title='bbox 284 1413 343 1478; x_wconf 90' lang='lat' dir='ltr'>paid</span> <span class='ocrx_word' id='word_1_96' title='bbox 353 1412 473 1477; x_wconf 87' lang='lat' dir='ltr'>applause</span> <span class='ocrx_word' id='word_1_97' title='bbox 485 1411 515 1461; x_wconf 87' lang='lat' dir='ltr'>of</span> <span class='ocrx_word' id='word_1_98' title='bbox 522 1411 585 1460; x_wconf 91' lang='lat' dir='ltr'>their</span> <span class='ocrx_word' id='word_1_99' title='bbox 595 1411 721 1461; x_wconf 87' lang='lat' dir='ltr'>audience.</span> 
     </span>
    </p>
   </div>
   <div class='ocr_carea' id='block_1_5' title="bbox 462 1545 875 1594">
    <p class='ocr_par' dir='ltr' id='par_1_5' title="bbox 462 1545 875 1594">
     <span class='ocr_line' id='line_1_13' title="bbox 462 1545 875 1594; baseline -0.002 -3"><span class='ocrx_word' id='word_1_100' title='bbox 462 1550 487 1591; x_wconf 80' lang='lat' dir='ltr'>C·</span> <span class='ocrx_word' id='word_1_101' title='bbox 509 1550 620 1590; x_wconf 84' lang='lat' dir='ltr'>PLINIUS</span> <span class='ocrx_word' id='word_1_102' title='bbox 640 1545 757 1594; x_wconf 79' lang='lat' dir='ltr'>MAXIMO</span> <span class='ocrx_word' id='word_1_103' title='bbox 778 1550 832 1592; x_wconf 80' lang='lat' dir='ltr'>SUO</span> <span class='ocrx_word' id='word_1_104' title='bbox 853 1550 875 1590; x_wconf 88' lang='lat' dir='ltr'>S.</span> 
     </span>
    </p>
   </div>
   <div class='ocr_carea' id='block_1_6' title="bbox 146 1669 1227 3620">
    <p class='ocr_par' dir='ltr' id='par_1_6' title="bbox 146 1669 1227 3620">
     <span class='ocr_line' id='line_1_14' title="bbox 209 1669 1171 1748; baseline -0.003 -18"><span class='ocrx_word' id='word_1_105' title='bbox 209 1673 320 1732; x_wconf 89' lang='lat' dir='ltr'>Vemm</span> <span class='ocrx_word' id='word_1_106' title='bbox 341 1671 489 1748; x_wconf 88' lang='lat' dir='ltr'>opinaris:</span> <span class='ocrx_word' id='word_1_107' title='bbox 515 1669 671 1746; x_wconf 85' lang='lat' dir='ltr'>distringor</span> <span class='ocrx_word' id='word_1_108' title='bbox 693 1671 945 1730; x_wconf 88' lang='lat' dir='ltr'>centumviralibus</span> <span class='ocrx_word' id='word_1_109' title='bbox 967 1671 1069 1741; x_wconf 88' lang='lat' dir='ltr'>causis,</span> <span class='ocrx_word' id='word_1_110' title='bbox 1092 1687 1171 1746; x_wconf 90' lang='lat' dir='ltr'>quae</span> 
     </span>
     <span class='ocr_line' id='line_1_15' title="bbox 168 1768 1171 1846; baseline -0.006 -14"><span class='ocrx_word' id='word_1_111' title='bbox 168 1790 217 1832; x_wconf 90' lang='lat' dir='ltr'>me</span> <span class='ocrx_word' id='word_1_112' title='bbox 238 1779 375 1831; x_wconf 88' lang='lat' dir='ltr'>exercent</span> <span class='ocrx_word' id='word_1_113' title='bbox 395 1771 490 1846; x_wconf 86' lang='lat' dir='ltr'>magis</span> <span class='ocrx_word' id='word_1_114' title='bbox 510 1786 600 1845; x_wconf 90' lang='lat' dir='ltr'>quam</span> <span class='ocrx_word' id='word_1_115' title='bbox 621 1768 773 1828; x_wconf 89' lang='lat' dir='ltr'>delectant.</span> <span class='ocrx_word' id='word_1_116' title='bbox 816 1769 890 1828; x_wconf 92' lang='lat' dir='ltr'>Sunt</span> <span class='ocrx_word' id='word_1_117' title='bbox 911 1770 989 1828; x_wconf 93' lang='lat' dir='ltr'>enim</span> <span class='ocrx_word' id='word_1_118' title='bbox 1011 1770 1171 1845; x_wconf 90' lang='lat' dir='ltr'>pleraeque</span> 
     </span>
     <span class='ocr_line' id='line_1_16' title="bbox 169 1866 1171 1947; baseline -0.003 -18"><span class='ocrx_word' id='word_1_119' title='bbox 169 1889 274 1947; x_wconf 87' lang='lat' dir='ltr'>parvae</span> <span class='ocrx_word' id='word_1_120' title='bbox 299 1878 328 1927; x_wconf 92' lang='lat' dir='ltr'>et</span> <span class='ocrx_word' id='word_1_121' title='bbox 349 1868 458 1927; x_wconf 85' lang='lat' dir='ltr'>exiles:</span> <span class='ocrx_word' id='word_1_122' title='bbox 484 1884 549 1924; x_wconf 92' lang='lat' dir='ltr'>raro</span> <span class='ocrx_word' id='word_1_123' title='bbox 574 1866 674 1924; x_wconf 91' lang='lat' dir='ltr'>incidit</span> <span class='ocrx_word' id='word_1_124' title='bbox 695 1868 739 1924; x_wconf 91' lang='lat' dir='ltr'>vel</span> <span class='ocrx_word' id='word_1_125' title='bbox 761 1885 951 1943; x_wconf 84' lang='lat' dir='ltr'>personarum</span> <span class='ocrx_word' id='word_1_126' title='bbox 975 1868 1103 1926; x_wconf 89' lang='lat' dir='ltr'>claritate</span> <span class='ocrx_word' id='word_1_127' title='bbox 1124 1869 1171 1926; x_wconf 94' lang='lat' dir='ltr'>vel</span> 
     </span>
     <span class='ocr_line' id='line_1_17' title="bbox 169 1964 1171 2043; baseline -0.001 -18"><span class='ocrx_word' id='word_1_128' title='bbox 169 1968 281 2043; x_wconf 85' lang='lat' dir='ltr'>negotii</span> <span class='ocrx_word' id='word_1_129' title='bbox 305 1967 505 2042; x_wconf 82' lang='lat' dir='ltr'>magnitudine</span> <span class='ocrx_word' id='word_1_130' title='bbox 528 1965 657 2040; x_wconf 83' lang='lat' dir='ltr'>insignis.</span> <span class='ocrx_word' id='word_1_131' title='bbox 707 1964 760 2042; x_wconf 85' lang='lat' dir='ltr'>Ad¹</span> <span class='ocrx_word' id='word_1_132' title='bbox 780 1965 836 2024; x_wconf 90' lang='lat' dir='ltr'>hoc</span> <span class='ocrx_word' id='word_1_133' title='bbox 860 1967 945 2041; x_wconf 88' lang='lat' dir='ltr'>pauci</span> <span class='ocrx_word' id='word_1_134' title='bbox 971 1985 1039 2024; x_wconf 90' lang='lat' dir='ltr'>cum</span> <span class='ocrx_word' id='word_1_135' title='bbox 1061 1967 1171 2042; x_wconf 88' lang='lat' dir='ltr'>quibus</span> 
     </span>
     <span class='ocr_line' id='line_1_18' title="bbox 169 2064 1201 2142; baseline 0.001 -18"><span class='ocrx_word' id='word_1_136' title='bbox 169 2067 246 2126; x_wconf 91' lang='lat' dir='ltr'>iuvet</span> <span class='ocrx_word' id='word_1_137' title='bbox 275 2066 386 2132; x_wconf 83' lang='lat' dir='ltr'>dicere:</span> <span class='ocrx_word' id='word_1_138' title='bbox 418 2065 505 2123; x_wconf 91' lang='lat' dir='ltr'>ceteri</span> <span class='ocrx_word' id='word_1_139' title='bbox 529 2064 655 2122; x_wconf 88' lang='lat' dir='ltr'>audaces</span> <span class='ocrx_word' id='word_1_140' title='bbox 677 2074 764 2140; x_wconf 87' lang='lat' dir='ltr'>atque</span> <span class='ocrx_word' id='word_1_141' title='bbox 789 2067 876 2122; x_wconf 89' lang='lat' dir='ltr'>etiam</span> <span class='ocrx_word' id='word_1_142' title='bbox 897 2084 1004 2142; x_wconf 84' lang='lat' dir='ltr'>magna</span> <span class='ocrx_word' id='word_1_143' title='bbox 1027 2085 1064 2124; x_wconf 91' lang='lat' dir='ltr'>ex</span> <span class='ocrx_word' id='word_1_144' title='bbox 1087 2075 1201 2142; x_wconf 87' lang='lat' dir='ltr'>parte5</span> 
     </span>
     <span class='ocr_line' id='line_1_19' title="bbox 169 2161 1198 2235; baseline -0.004 -11"><span class='ocrx_word' id='word_1_145' title='bbox 169 2163 376 2224; x_wconf 88' lang='lat' dir='ltr'>adulescentuli</span> <span class='ocrx_word' id='word_1_146' title='bbox 396 2163 513 2222; x_wconf 90' lang='lat' dir='ltr'>obscuri</span> <span class='ocrx_word' id='word_1_147' title='bbox 533 2162 573 2220; x_wconf 88' lang='lat' dir='ltr'>ad</span> <span class='ocrx_word' id='word_1_148' title='bbox 592 2161 814 2221; x_wconf 89' lang='lat' dir='ltr'>declamandum</span> <span class='ocrx_word' id='word_1_149' title='bbox 834 2163 889 2221; x_wconf 91' lang='lat' dir='ltr'>huc</span> <span class='ocrx_word' id='word_1_150' title='bbox 910 2165 1093 2235; x_wconf 89' lang='lat' dir='ltr'>transierunt,</span> <span class='ocrx_word' id='word_1_151' title='bbox 1108 2173 1172 2222; x_wconf 90' lang='lat' dir='ltr'>tam</span> <span class='ocrx_word' id='word_1_152' title='bbox 1195 2215 1198 2220; x_wconf 92' lang='lat'>.</span> 
     </span>
     <span class='ocr_line' id='line_1_20' title="bbox 169 2260 1171 2336; baseline -0.001 -14"><span class='ocrx_word' id='word_1_153' title='bbox 169 2265 361 2322; x_wconf 89' lang='lat' dir='ltr'>inreverenter</span> <span class='ocrx_word' id='word_1_154' title='bbox 375 2271 404 2321; x_wconf 94' lang='lat' dir='ltr'>et</span> <span class='ocrx_word' id='word_1_155' title='bbox 418 2270 536 2333; x_wconf 89' lang='lat' dir='ltr'>temere,</span> <span class='ocrx_word' id='word_1_156' title='bbox 548 2269 579 2318; x_wconf 91' lang='lat' dir='ltr'>ut</span> <span class='ocrx_word' id='word_1_157' title='bbox 594 2261 664 2317; x_wconf 91' lang='lat' dir='ltr'>mihi</span> <span class='ocrx_word' id='word_1_158' title='bbox 679 2260 783 2318; x_wconf 88' lang='lat' dir='ltr'>Atilius</span> <span class='ocrx_word' id='word_1_159' title='bbox 797 2270 895 2318; x_wconf 90' lang='lat' dir='ltr'>noster</span> <span class='ocrx_word' id='word_1_160' title='bbox 909 2280 1046 2336; x_wconf 83' lang='lat' dir='ltr'>expresse</span> <span class='ocrx_word' id='word_1_161' title='bbox 1061 2262 1171 2321; x_wconf 86' lang='lat' dir='ltr'>dixisse</span> 
     </span>
     <span class='ocr_line' id='line_1_21' title="bbox 169 2358 1171 2436; baseline -0.003 -16"><span class='ocrx_word' id='word_1_162' title='bbox 169 2362 298 2421; x_wconf 90' lang='lat' dir='ltr'>videatur</span> <span class='ocrx_word' id='word_1_163' title='bbox 316 2362 356 2421; x_wconf 91' lang='lat' dir='ltr'>sic</span> <span class='ocrx_word' id='word_1_164' title='bbox 378 2363 408 2419; x_wconf 92' lang='lat' dir='ltr'>in</span> <span class='ocrx_word' id='word_1_165' title='bbox 429 2360 494 2419; x_wconf 89' lang='lat' dir='ltr'>foro</span> <span class='ocrx_word' id='word_1_166' title='bbox 515 2376 622 2435; x_wconf 87' lang='lat' dir='ltr'>pueros</span> <span class='ocrx_word' id='word_1_167' title='bbox 643 2377 660 2415; x_wconf 90' lang='lat' dir='ltr'>a</span> <span class='ocrx_word' id='word_1_168' title='bbox 682 2358 934 2417; x_wconf 90' lang='lat' dir='ltr'>centumviralibus</span> <span class='ocrx_word' id='word_1_169' title='bbox 956 2360 1051 2418; x_wconf 90' lang='lat' dir='ltr'>causis</span> <span class='ocrx_word' id='word_1_170' title='bbox 1073 2361 1171 2436; x_wconf 89' lang='lat' dir='ltr'>auspi-</span> 
     </span>
     <span class='ocr_line' id='line_1_22' title="bbox 170 2455 1171 2534; baseline -0.004 -14"><span class='ocrx_word' id='word_1_171' title='bbox 170 2463 236 2532; x_wconf 86' lang='lat' dir='ltr'>cari,</span> <span class='ocrx_word' id='word_1_172' title='bbox 257 2471 289 2519; x_wconf 97' lang='lat' dir='ltr'>ut</span> <span class='ocrx_word' id='word_1_173' title='bbox 310 2463 347 2518; x_wconf 89' lang='lat' dir='ltr'>ab</span> <span class='ocrx_word' id='word_1_174' title='bbox 368 2460 502 2518; x_wconf 91' lang='lat' dir='ltr'>Homero</span> <span class='ocrx_word' id='word_1_175' title='bbox 524 2459 553 2515; x_wconf 93' lang='lat' dir='ltr'>in</span> <span class='ocrx_word' id='word_1_176' title='bbox 576 2456 691 2515; x_wconf 90' lang='lat' dir='ltr'>scholis.</span> <span class='ocrx_word' id='word_1_177' title='bbox 734 2455 812 2513; x_wconf 90' lang='lat' dir='ltr'>Nam</span> <span class='ocrx_word' id='word_1_178' title='bbox 834 2455 880 2513; x_wconf 91' lang='lat' dir='ltr'>hic</span> <span class='ocrx_word' id='word_1_179' title='bbox 901 2475 1027 2534; x_wconf 91' lang='lat' dir='ltr'>quoque,</span> <span class='ocrx_word' id='word_1_180' title='bbox 1049 2467 1081 2516; x_wconf 95' lang='lat' dir='ltr'>ut</span> <span class='ocrx_word' id='word_1_181' title='bbox 1102 2459 1171 2531; x_wconf 93' lang='lat' dir='ltr'>illic,</span> 
     </span>
     <span class='ocr_line' id='line_1_23' title="bbox 170 2552 1223 2637; baseline -0.006 -19"><span class='ocrx_word' id='word_1_182' title='bbox 170 2561 296 2637; x_wconf 90' lang='lat' dir='ltr'>primum</span> <span class='ocrx_word' id='word_1_183' title='bbox 318 2559 414 2634; x_wconf 89' lang='lat' dir='ltr'>coepit</span> <span class='ocrx_word' id='word_1_184' title='bbox 435 2575 499 2615; x_wconf 90' lang='lat' dir='ltr'>esse</span> <span class='ocrx_word' id='word_1_185' title='bbox 521 2552 601 2631; x_wconf 93' lang='lat' dir='ltr'>quod</span> <span class='ocrx_word' id='word_1_186' title='bbox 622 2555 783 2612; x_wconf 89' lang='lat' dir='ltr'>maximum</span> <span class='ocrx_word' id='word_1_187' title='bbox 808 2565 858 2612; x_wconf 90' lang='lat' dir='ltr'>est.</span> <span class='ocrx_word' id='word_1_188' title='bbox 902 2555 941 2612; x_wconf 92' lang='lat' dir='ltr'>At</span> <span class='ocrx_word' id='word_1_189' title='bbox 962 2555 1080 2616; x_wconf 89' lang='lat' dir='ltr'>hercule</span> <span class='ocrx_word' id='word_1_190' title='bbox 1101 2568 1172 2617; x_wconf 90' lang='lat' dir='ltr'>ante</span> <span class='ocrx_word' id='word_1_191' title='bbox 1189 2577 1223 2612; x_wconf 93' lang='lat'>10</span> 
     </span>
     <span class='ocr_line' id='line_1_24' title="bbox 170 2651 1172 2733; baseline -0.001 -17"><span class='ocrx_word' id='word_1_192' title='bbox 170 2657 342 2716; x_wconf 91' lang='lat' dir='ltr'>memoriam</span> <span class='ocrx_word' id='word_1_193' title='bbox 363 2673 460 2713; x_wconf 88' lang='lat' dir='ltr'>meam</span> <span class='ocrx_word' id='word_1_194' title='bbox 476 2652 527 2732; x_wconf 92' lang='lat' dir='ltr'>(ita</span> <span class='ocrx_word' id='word_1_195' title='bbox 547 2652 673 2710; x_wconf 90' lang='lat' dir='ltr'>maiores</span> <span class='ocrx_word' id='word_1_196' title='bbox 695 2661 764 2709; x_wconf 88' lang='lat' dir='ltr'>natu</span> <span class='ocrx_word' id='word_1_197' title='bbox 785 2651 879 2709; x_wconf 92' lang='lat' dir='ltr'>solent</span> <span class='ocrx_word' id='word_1_198' title='bbox 901 2651 1008 2733; x_wconf 89' lang='lat' dir='ltr'>dicere)</span> <span class='ocrx_word' id='word_1_199' title='bbox 1023 2674 1060 2712; x_wconf 91' lang='lat' dir='ltr'>ne</span> <span class='ocrx_word' id='word_1_200' title='bbox 1083 2658 1172 2716; x_wconf 90' lang='lat' dir='ltr'>nobi·</span> 
     </span>
     <span class='ocr_line' id='line_1_25' title="bbox 170 2749 1173 2830; baseline 0.001 -16"><span class='ocrx_word' id='word_1_201' title='bbox 170 2756 285 2815; x_wconf 92' lang='lat' dir='ltr'>lissimis</span> <span class='ocrx_word' id='word_1_202' title='bbox 299 2754 419 2830; x_wconf 91' lang='lat' dir='ltr'>quidem</span> <span class='ocrx_word' id='word_1_203' title='bbox 434 2751 666 2811; x_wconf 89' lang='lat' dir='ltr'>adulescentibus</span> <span class='ocrx_word' id='word_1_204' title='bbox 676 2750 758 2807; x_wconf 90' lang='lat' dir='ltr'>locus</span> <span class='ocrx_word' id='word_1_205' title='bbox 773 2758 833 2806; x_wconf 88' lang='lat' dir='ltr'>erat</span> <span class='ocrx_word' id='word_1_206' title='bbox 844 2749 899 2807; x_wconf 89' lang='lat' dir='ltr'>nisi</span> <span class='ocrx_word' id='word_1_207' title='bbox 910 2750 1007 2827; x_wconf 89' lang='lat' dir='ltr'>aliquo</span> <span class='ocrx_word' id='word_1_208' title='bbox 1022 2756 1173 2815; x_wconf 88' lang='lat' dir='ltr'>consulari</span> 
     </span>
     <span class='ocr_line' id='line_1_26' title="bbox 170 2846 1172 2932; baseline 0.001 -21"><span class='ocrx_word' id='word_1_209' title='bbox 170 2853 367 2932; x_wconf 90' lang='lat' dir='ltr'>producente:</span> <span class='ocrx_word' id='word_1_210' title='bbox 389 2861 470 2909; x_wconf 90' lang='lat' dir='ltr'>tanta</span> <span class='ocrx_word' id='word_1_211' title='bbox 483 2848 668 2907; x_wconf 92' lang='lat' dir='ltr'>veneratione</span> <span class='ocrx_word' id='word_1_212' title='bbox 683 2846 907 2922; x_wconf 89' lang='lat' dir='ltr'>pulcherrimum</span> <span class='ocrx_word' id='word_1_213' title='bbox 922 2866 997 2925; x_wconf 92' lang='lat' dir='ltr'>opus</span> <span class='ocrx_word' id='word_1_214' title='bbox 1012 2852 1172 2914; x_wconf 86' lang='lat' dir='ltr'>colebatur.</span> 
     </span>
     <span class='ocr_line' id='line_1_27' title="bbox 170 2945 1173 3028; baseline -0.003 -14"><span class='ocrx_word' id='word_1_215' title='bbox 170 2955 258 3014; x_wconf 91' lang='lat' dir='ltr'>Nunc</span> <span class='ocrx_word' id='word_1_216' title='bbox 273 2950 401 3010; x_wconf 84' lang='lat' dir='ltr'>refractis</span> <span class='ocrx_word' id='word_1_217' title='bbox 415 2950 534 3027; x_wconf 92' lang='lat' dir='ltr'>pudoris</span> <span class='ocrx_word' id='word_1_218' title='bbox 556 2958 585 3006; x_wconf 91' lang='lat' dir='ltr'>et</span> <span class='ocrx_word' id='word_1_219' title='bbox 603 2946 777 3004; x_wconf 89' lang='lat' dir='ltr'>reverentiae</span> <span class='ocrx_word' id='word_1_220' title='bbox 799 2945 928 3005; x_wconf 90' lang='lat' dir='ltr'>claustris</span> <span class='ocrx_word' id='word_1_221' title='bbox 949 2950 1049 3006; x_wconf 88' lang='lat' dir='ltr'>omnia</span> <span class='ocrx_word' id='word_1_222' title='bbox 1068 2961 1173 3028; x_wconf 88' lang='lat' dir='ltr'>patent</span> 
     </span>
     <span class='ocr_line' id='line_1_28' title="bbox 170 3042 1224 3129; baseline -0.001 -18"><span class='ocrx_word' id='word_1_223' title='bbox 170 3051 316 3120; x_wconf 87' lang='lat' dir='ltr'>omnibus,</span> <span class='ocrx_word' id='word_1_224' title='bbox 338 3067 393 3106; x_wconf 90' lang='lat' dir='ltr'>nec</span> <span class='ocrx_word' id='word_1_225' title='bbox 415 3048 596 3116; x_wconf 89' lang='lat' dir='ltr'>inducuntur,</span> <span class='ocrx_word' id='word_1_226' title='bbox 616 3043 668 3102; x_wconf 93' lang='lat' dir='ltr'>sed</span> <span class='ocrx_word' id='word_1_227' title='bbox 689 3043 865 3118; x_wconf 88' lang='lat' dir='ltr'>inrumpunt.</span> <span class='ocrx_word' id='word_1_228' title='bbox 908 3042 1073 3121; x_wconf 90' lang='lat' dir='ltr'>Sequuntur</span> <span class='ocrx_word' id='word_1_229' title='bbox 1087 3051 1172 3108; x_wconf 86' lang='lat' dir='ltr'>audi·</span> <span class='ocrx_word' id='word_1_230' title='bbox 1190 3077 1224 3129; x_wconf 84' lang='lat'>15</span> 
     </span>
     <span class='ocr_line' id='line_1_29' title="bbox 169 3140 1173 3221; baseline -0.004 -10"><span class='ocrx_word' id='word_1_231' title='bbox 169 3163 247 3211; x_wconf 92' lang='lat' dir='ltr'>tores</span> <span class='ocrx_word' id='word_1_232' title='bbox 262 3147 409 3207; x_wconf 88' lang='lat' dir='ltr'>actoribus</span> <span class='ocrx_word' id='word_1_233' title='bbox 423 3145 542 3215; x_wconf 90' lang='lat' dir='ltr'>similes,</span> <span class='ocrx_word' id='word_1_234' title='bbox 558 3141 696 3202; x_wconf 93' lang='lat' dir='ltr'>conducti</span> <span class='ocrx_word' id='word_1_235' title='bbox 711 3150 739 3198; x_wconf 91' lang='lat' dir='ltr'>et</span> <span class='ocrx_word' id='word_1_236' title='bbox 752 3140 913 3216; x_wconf 91' lang='lat' dir='ltr'>redempti:</span> <span class='ocrx_word' id='word_1_237' title='bbox 935 3160 1077 3221; x_wconf 89' lang='lat' dir='ltr'>manceps</span> <span class='ocrx_word' id='word_1_238' title='bbox 1099 3165 1173 3206; x_wconf 90' lang='lat' dir='ltr'>eon-</span> 
     </span>
     <span class='ocr_line' id='line_1_30' title="bbox 169 3238 1174 3318; baseline -0.003 -9"><span class='ocrx_word' id='word_1_239' title='bbox 169 3251 296 3308; x_wconf 94' lang='lat' dir='ltr'>venitur:</span> <span class='ocrx_word' id='word_1_240' title='bbox 325 3247 355 3304; x_wconf 94' lang='lat' dir='ltr'>in</span> <span class='ocrx_word' id='word_1_241' title='bbox 378 3244 474 3303; x_wconf 89' lang='lat' dir='ltr'>media</span> <span class='ocrx_word' id='word_1_242' title='bbox 497 3243 617 3301; x_wconf 89' lang='lat' dir='ltr'>basilica</span> <span class='ocrx_word' id='word_1_243' title='bbox 640 3250 700 3299; x_wconf 88' lang='lat' dir='ltr'>tarn</span> <span class='ocrx_word' id='word_1_244' title='bbox 728 3238 824 3316; x_wconf 89' lang='lat' dir='ltr'>palam</span> <span class='ocrx_word' id='word_1_245' title='bbox 849 3239 993 3314; x_wconf 88' lang='lat' dir='ltr'>sportulae</span> <span class='ocrx_word' id='word_1_246' title='bbox 1020 3262 1112 3318; x_wconf 87' lang='lat' dir='ltr'>quarn</span> <span class='ocrx_word' id='word_1_247' title='bbox 1140 3248 1174 3306; x_wconf 93' lang='lat' dir='ltr'>in</span> 
     </span>
     <span class='ocr_line' id='line_1_31' title="bbox 168 3336 1173 3411; baseline -0.001 -7"><span class='ocrx_word' id='word_1_248' title='bbox 168 3347 291 3405; x_wconf 90' lang='lat' dir='ltr'>triclinio</span> <span class='ocrx_word' id='word_1_249' title='bbox 313 3345 432 3404; x_wconf 89' lang='lat' dir='ltr'>dantur:</span> <span class='ocrx_word' id='word_1_250' title='bbox 455 3360 492 3400; x_wconf 88' lang='lat' dir='ltr'>ex</span> <span class='ocrx_word' id='word_1_251' title='bbox 513 3341 619 3399; x_wconf 90' lang='lat' dir='ltr'>iudicio</span> <span class='ocrx_word' id='word_1_252' title='bbox 635 3338 665 3395; x_wconf 92' lang='lat' dir='ltr'>in</span> <span class='ocrx_word' id='word_1_253' title='bbox 687 3336 823 3394; x_wconf 88' lang='lat' dir='ltr'>iudicium</span> <span class='ocrx_word' id='word_1_254' title='bbox 842 3336 904 3411; x_wconf 88' lang='lat' dir='ltr'>pari</span> <span class='ocrx_word' id='word_1_255' title='bbox 920 3339 1054 3399; x_wconf 91' lang='lat' dir='ltr'>mercede</span> <span class='ocrx_word' id='word_1_256' title='bbox 1075 3351 1173 3404; x_wconf 90' lang='lat' dir='ltr'>trans-</span> 
     </span>
     <span class='ocr_line' id='line_1_32' title="bbox 146 3434 1173 3518; baseline -0.005 -14"><span class='ocrx_word' id='word_1_257' title='bbox 146 3446 232 3504; x_wconf 55' lang='lat' dir='ltr'>,itun</span> <span class='ocrx_word' id='word_1_258' title='bbox 274 3443 349 3502; x_wconf 91' lang='lat' dir='ltr'>Inde</span> <span class='ocrx_word' id='word_1_259' title='bbox 373 3443 432 3500; x_wconf 89' lang='lat' dir='ltr'>iam</span> <span class='ocrx_word' id='word_1_260' title='bbox 456 3458 519 3499; x_wconf 92' lang='lat' dir='ltr'>non</span> <span class='ocrx_word' id='word_1_261' title='bbox 543 3437 685 3495; x_wconf 90' lang='lat' dir='ltr'>inurbane</span> <span class='ocrx_word' id='word_1_262' title='bbox 711 3438 851 3507; x_wconf 71' lang='grc' dir='ltr'>Σοφοκλεῖς</span> <span class='ocrx_word' id='word_1_263' title='bbox 871 3445 1011 3494; x_wconf 89' lang='lat' dir='ltr'>vocantur</span> <span class='ocrx_word' id='word_1_264' title='bbox 1033 3434 1097 3518; x_wconf 82' lang='grc' dir='ltr'>[ἀπὸ</span> <span class='ocrx_word' id='word_1_265' title='bbox 1123 3450 1173 3500; x_wconf 79' lang='grc' dir='ltr'>τοῦ</span> 
     </span>
     <span class='ocr_line' id='line_1_33' title="bbox 169 3532 1227 3620; baseline -0.004 -20"><span class='ocrx_word' id='word_1_266' title='bbox 169 3547 262 3618; x_wconf 71' lang='grc' dir='ltr'>σοφῶς</span> <span class='ocrx_word' id='word_1_267' title='bbox 285 3545 326 3599; x_wconf 77' lang='grc' dir='ltr'>καὶ</span> <span class='ocrx_word' id='word_1_268' title='bbox 350 3533 514 3620; x_wconf 55' lang='lat' dir='ltr'>initiumq:</span> <span class='ocrx_word' id='word_1_269' title='bbox 542 3536 637 3595; x_wconf 91' lang='lat' dir='ltr'>isdem</span> <span class='ocrx_word' id='word_1_270' title='bbox 661 3535 782 3593; x_wconf 89' lang='lat' dir='ltr'>latinum</span> <span class='ocrx_word' id='word_1_271' title='bbox 805 3551 915 3592; x_wconf 92' lang='lat' dir='ltr'>nomen</span> <span class='ocrx_word' id='word_1_272' title='bbox 937 3532 1098 3611; x_wconf 91' lang='lat' dir='ltr'>inpositum</span> <span class='ocrx_word' id='word_1_273' title='bbox 1125 3553 1173 3608; x_wconf 81' lang='lat' dir='ltr'>est</span> <span class='ocrx_word' id='word_1_274' title='bbox 1191 3567 1227 3604; x_wconf 83' lang='lat'>20</span> 
     </span>
    </p>
   </div>
   <div class='ocr_carea' id='block_1_7' title="bbox 0 0 1328 3914">
    <p class='ocr_par' dir='ltr' id='par_1_7' title="bbox 0 0 1328 3914">
     <span class='ocr_line' id='line_1_34' title="bbox 0 0 1328 3914; baseline 0 0"><span class='ocrx_word' id='word_1_275' title='bbox 0 0 1328 3914; x_wconf 95' lang='lat' dir='ltr'> </span> 
     </span>
    </p>
   </div>
  </div>
 </body>
</html>
