2646 3914
214 149 373 200 LETTERS
397 152 440 200 oF
462 154 491 202 C.
506 153 655 201 PLINIUS
677 152 863 202 CAECILIUS
884 152 1076 203 SECUNDUS.
1124 153 1144 221 7

145 290 256 380 utalia,
271 294 428 368 traduntur.
470 309 560 369 Hunc
575 311 747 370 abstinentia
762 312 920 383 sanctitate,
937 312 1034 389 quoad
1048 311 1143 371 viridis

147 417 234 480 aetas,
245 409 311 468 vicit
322 418 350 467 et
361 409 461 486 fregit3
483 411 639 469 novissime
650 428 718 467 cum
733 421 879 469 senectute
894 411 1143 487 ingravescentem

101 529 134 565 20
146 505 253 565 viribus
275 508 363 565 animi
384 509 551 580 sustinebat,
574 527 641 568 cum
663 508 779 584 quidem
800 510 982 568 incredibiles
1003 511 1144 568 cruciatus

146 615 176 664 et
200 606 404 683 indignissima
427 617 572 666 tormenta
596 617 747 683 pateretur.
789 607 852 665 Iam
876 610 955 666 enim
978 608 1063 667 dolor
1083 627 1145 666 non

146 705 271 780 pedibus
282 705 359 776 solis,
370 716 402 764 ut
416 707 503 783 prius,
515 707 667 775 insidebat,
680 705 731 763 sed
745 706 844 763 omnia
858 708 990 765 membra
1004 723 1144 783 pervaga-

146 802 238 862 batur.
282 802 358 861 Veni
382 805 420 862 ad
444 823 511 863 eum
533 803 694 862 Domitiani
719 803 899 879 temporibus
923 805 953 862 in
979 806 1145 864 suburbano

146 901 298 960 iacentem.
343 902 422 961 Servi
437 921 453 961 e
468 903 602 963 cubiculo
617 911 812 960 recesserunt:
833 901 959 961 habebat
972 903 1030 961 hoc
1044 905 1143 975 moriS,

102 1021 132 1070 25
146 1001 281 1075 quotiens
301 1001 436 1060 intrasset
457 1000 569 1059 fidelior
589 1001 717 1071 amicus;
743 1001 813 1078 quin
834 1001 921 1059 etiam
942 1019 1024 1074 uxor,
1044 1019 1145 1078 quarn-

147 1117 235 1174 quam
255 1099 350 1158 omnis
368 1099 470 1158 secreti
489 1099 686 1177 capacissima,
703 1097 922 1174 digrediebatur.
965 1099 1145 1158 Circumtulit

147 1197 248 1258 oculos
262 1206 291 1256 et
306 1198 388 1257 ‘cur'
403 1198 496 1276 inquit
512 1203 575 1256 ‘me
594 1207 680 1274 putas
699 1196 753 1256 hos
771 1207 867 1256 tantos
886 1199 1001 1258 dolores
1017 1209 1077 1257 tam
1095 1199 1144 1256 diu

147 1297 310 1355 sustinere?
347 1305 379 1355 ut
407 1296 514 1356 scilicet
544 1296 590 1354 isti
620 1294 722 1353 latroni
750 1295 796 1353 vel
822 1314 882 1353 uno
911 1296 957 1355 die
985 1296 1144 1372 supersim?

146 1395 288 1454 Dedisses
316 1394 383 1452 huic
411 1394 509 1453 animo
538 1411 590 1469 par
617 1411 732 1469 corpus,
761 1393 876 1454 fecisset
907 1395 988 1474 quod
1015 1395 1144 1471 optabat.

100 1517 135 1566 30
147 1494 248 1553 Adfuit
269 1502 368 1552 tamen
387 1493 458 1552 deus
477 1502 557 1564 vot0,
577 1493 658 1552 cuius
677 1493 723 1552 ille
743 1512 876 1570 compos,
895 1503 927 1552 ut
950 1496 1008 1554 iam
1028 1511 1147 1554 securus

145 1595 276 1669 liberque
299 1593 464 1662 moriturus,
489 1591 581 1649 multa
604 1591 651 1648 illa
671 1593 752 1662 vitae,
775 1593 827 1652 sed
851 1594 967 1652 minora
990 1593 1147 1653 retinacula

146 1693 270 1768 abrupit.
321 1691 484 1748 Increverat
511 1689 655 1760 valetud0‚
680 1707 768 1765 quam
796 1693 988 1768 temperantia
1015 1691 1146 1766 mitigare

147 1790 305 1866 temptavit,
331 1798 564 1866 perseverantem
589 1787 753 1846 constantia
777 1788 856 1866 fugit.
875 1789 963 1864 flam
989 1789 1051 1847 dies
1076 1788 1147 1846 alter

146 1892 247 1950 tertius
272 1898 407 1965 quartus:
440 1885 600 1945 abstinebat
625 1887 699 1945 cibo
742 1887 823 1948 Misit
847 1887 885 1947 ad
912 1907 961 1947 me
985 1906 1060 1946 uxor
1084 1887 1148 1946 eius

102 2013 133 2062 35
148 1989 285 2067 Hispulla
306 2003 493 2046 communem
514 1987 640 2044 amicum
658 1985 691 2044 C.
707 1986 876 2045 Geminium
895 2007 962 2047 cum
983 1987 1145 2046 tristissimo

147 2089 260 2159 nunti0,
286 2085 446 2144 destinasse
471 2083 627 2143 Corellium
654 2086 729 2143 mori
756 2104 812 2144 nec
837 2096 884 2144 aut
909 2088 969 2146 suis
994 2097 1043 2145 aut
1070 2086 1146 2143 filiae

148 2187 283 2265 precibus
304 2183 389 2253 flecti,
411 2181 505 2240 solum
527 2200 677 2257 superesse
701 2203 757 2255 me,
780 2203 797 2242 a
818 2202 876 2260 quo
898 2186 1026 2244 revocari
1047 2191 1148 2260 posset

149 2287 187 2345 ad
211 2286 307 2342 vitam.
351 2282 488 2341 Cucurri:
519 2298 707 2356 perveneram
731 2283 760 2338 in
785 2283 960 2358 proximum,
983 2300 1050 2340 cum
1075 2279 1147 2338 mihi

148 2386 187 2443 ab
208 2383 312 2442 eadem
334 2380 469 2457 Hispulla
490 2379 580 2437 Iulius
601 2379 713 2437 Atticus
734 2381 846 2438 nuntiat
869 2380 940 2438 nihil
961 2381 1019 2438 iam
1040 2398 1078 2437 ne
1091 2361 1147 2436 'me

101 2508 136 2558 40
149 2483 268 2560 quidem
292 2482 507 2558 inpetraturum,
530 2488 589 2536 tam
610 2477 754 2536 obstinate
775 2477 869 2554 magis
890 2497 924 2536 ac
949 2479 1044 2554 magis
1064 2477 1147 2535 indu-

148 2581 249 2640 ruisse.
290 2577 412 2637 Dixerat
431 2595 501 2634 sane
520 2575 635 2633 medico
653 2574 817 2633 admoventi
836 2576 932 2634 cibum
950 2580 1056 2651 κέκρικα,
1073 2593 1148 2652 quae

148 2697 207 2737 vox
231 2686 374 2755 quantum
398 2674 594 2735 admirationis
618 2673 769 2731 inanimo
791 2691 859 2732 meo
880 2683 991 2732 tantum
1014 2674 1148 2734 desiderii

148 2777 272 2852 reliquit.
316 2775 422 2851 Cogito
451 2790 510 2850 quo
538 2772 642 2844 amico,
668 2789 726 2848 quo
751 2771 811 2829 viro
839 2789 963 2830 caream.
1012 2771 1149 2848 implevit

150 2876 270 2953 quidem
302 2892 411 2932 annum
443 2871 598 2948 septimum
630 2881 658 2929 et
690 2872 932 2946 sexagensimum,
962 2889 1036 2947 quae
1069 2881 1148 2928 aetas

103 3002 135 3052 45
150 2961 240 3032 etiam
256 2971 463 3031 robustissimis
479 2969 547 3027 satis
561 2969 650 3044 longa
664 2976 725 3025 est:
748 2969 818 3026 scio.
860 2969 959 3027 Evasit
977 2977 1148 3046 perpetuam

150 3071 361 3130 valetudinem:
390 3069 460 3128 sci0.
503 3066 636 3126 Decessit
661 3067 860 3143 superstitibus
884 3068 951 3138 suis,
973 3067 1094 3124 florente
1117 3083 1149 3122 re

149 3170 276 3249 publica,
302 3187 376 3244 quae
404 3167 443 3224 illi
471 3166 607 3225 omnibus
632 3165 690 3222 suis
715 3165 807 3222 carior
831 3175 906 3224 erat:
939 3175 968 3224 et
995 3164 1052 3223 hoc
1078 3163 1148 3221 scio,

151 3269 220 3346 Ego
235 3277 334 3326 tamen
347 3277 496 3342 tamquam
514 3274 542 3324 et
561 3263 670 3323 iuvenis
690 3273 718 3320 et
737 3263 892 3321 firmissimi
910 3273 1036 3321 mortem
1054 3260 1149 3333 doleo,

151 3368 239 3427 doleo
270 3375 376 3425 autem
396 3362 473 3443 (licet
507 3381 556 3421 me
590 3361 756 3420 inbecillum
792 3363 889 3437 putes)
918 3377 985 3418 meo
1020 3360 1149 3418 nomine.

104 3493 136 3543 50
153 3465 247 3526 Amisi
266 3466 354 3537 enim,
375 3463 457 3522 amisi
476 3461 552 3521 vitae
572 3477 654 3518 meae
676 3469 779 3518 testem
799 3469 942 3518 rectorem
962 3459 1150 3533 magistrum:

151 3567 183 3625 in
212 3583 329 3626 summa
357 3563 452 3622 dicam
481 3559 560 3640 quod
588 3558 696 3618 recenti
725 3557 825 3617 dolore
853 3557 1051 3616 contubernali
1083 3573 1151 3614 meo
