2662 3914
167 157 209 222 92
438 151 460 200 Α
486 152 682 201 sarnerrou
701 151 806 200 suoru
828 149 899 200 rrrn

166 311 354 382 humanitate,
383 329 458 387 quae
488 329 535 370 me
563 321 595 370 ut
619 311 677 371 hoc
701 311 799 387 ipsum
823 311 1021 388 permitterem
1049 307 1174 368 induxit,

166 410 238 470 Non
271 410 345 468 ideo
367 420 466 469 tamen
495 411 581 470 velim
610 412 708 469 durior
743 411 812 469 fieri.
868 409 934 468 Nec
962 409 1068 485 ignoro
1097 409 1173 466 alios

165 510 228 568 eius
242 509 324 567 modi
339 527 424 568 casus
438 509 510 568 nihil
529 510 654 586 amplius
672 527 777 568 vocare
798 526 887 584 quam
911 508 1054 566 damnum
1076 523 1174 582 eoque

166 608 221 666 sibi
246 625 371 684 magnos
393 608 528 667 homines
553 617 582 667 et
607 609 755 684 sapientes
776 606 874 664 videri.
928 606 988 679 Qui
1010 623 1049 664 an
1071 604 1173 681 magni

167 705 369 781 sapientesque
390 707 447 764 sint
468 707 577 777 nesci0‚
599 706 735 764 homines
759 723 821 763 non
845 713 920 762 sunt.
963 702 1103 762 Hominis
1129 712 1174 760 est
1190 723 1223 773 15

167 803 246 862 enim
272 803 357 862 adfici
382 803 492 875 dolore,
515 804 630 874 sentire,
655 805 786 863 resistere
809 814 909 862 tamen
933 811 962 861 et
985 802 1095 862 solacia
1122 800 1174 858 ad-

167 901 290 972 mittere,
319 920 381 960 non
416 902 532 960 solaciis
566 919 628 960 non
653 919 754 976 egere.
809 901 921 961 Verum
950 900 1061 980 dehis
1088 899 1174 976 plura

166 999 289 1058 fortasse
314 1018 403 1076 quam
424 999 520 1068 debui,
542 999 594 1058 sed
615 1001 755 1076 pauciora
778 1018 867 1076 quam
889 1000 974 1058 volui.
1016 999 1070 1057 Est
1093 998 1173 1056 enirn

167 1099 312 1176 quaedam
341 1099 430 1157 etiam
458 1098 577 1158 dolendi
604 1099 747 1174 voluptas
776 1099 946 1175 praesertim
975 1099 999 1157 si
1026 1099 1057 1157 in
1085 1095 1173 1154 amici

164 1199 234 1258 sinu
256 1198 373 1268 defleas,
400 1197 479 1272 apud
507 1215 596 1275 quem
623 1197 748 1257 lacrimis
772 1199 828 1277 tuis
851 1197 896 1256 vel
920 1198 983 1258 laus
1012 1197 1048 1256 sit
1072 1204 1173 1272 parata
1191 1216 1222 1249 20
1328 1233 1329 1256 r

168 1296 214 1356 vel
227 1296 318 1355 venia.
360 1294 443 1354 Vale.

498 1487 550 1544 ⁷4.
593 1479 723 1558 (BOOK
745 1503 772 1558 9.
797 1480 838 1562 3.)

202 1629 262 1678 Men
281 1629 371 1686 should
387 1627 466 1678 either
483 1629 595 1678 consider
611 1630 653 1679 the
669 1629 833 1693 immortality
850 1629 880 1678 of
892 1629 965 1685 same,
983 1629 1031 1677 and
1048 1627 1119 1677 work
1135 1627 1174 1676 sor

167 1713 196 1769 it,
208 1728 237 1760 or
248 1713 429 1783 theshortness
440 1711 470 1760 os
476 1711 526 1766 lise,
538 1712 590 1760 and·
598 1712 671 1776 enjoy
681 1711 716 1771 it;
733 1713 783 1761 and
798 1712 870 1776 Pliny
884 1712 972 1761 knows
987 1712 1042 1760 that
1056 1708 1174 1759 Paulinus

167 1811 252 1858 agrees
263 1795 326 1845 wilh
337 1794 389 1844 him
400 1794 426 1842 in
437 1793 573 1859 preferring
585 1794 627 1842 the
638 1795 730 1844 former
742 1810 834 1846 course.

456 1948 481 1989 C.
503 1949 617 1989 PLINIUS
637 1949 764 1990 PAULINO
786 1949 839 1991 SUO
860 1949 882 1989 S.

211 2080 294 2139 Alius
321 2079 407 2150 aliud,
430 2096 487 2154 ego
510 2078 709 2137 beatissimum
735 2079 872 2137 existimo
895 2080 945 2155 qui
967 2079 1065 2136 bonae
1089 2096 1175 2136 man·

170 2197 312 2255 suraeque
329 2177 424 2237 famae
443 2179 681 2254 praesumptione
702 2178 856 2254 perfruitur
877 2187 1029 2253 certusque
1051 2177 1174 2253 posteri-

169 2279 234 2336 tatis
266 2296 333 2336 cum
361 2276 456 2335 futura
484 2277 577 2353 gloria
605 2277 680 2334 vivit.
733 2278 779 2336 Ac
814 2277 885 2335 mihi
919 2276 976 2335 nisi
1010 2276 1174 2351 praemium

170 2376 345 2434 aeternitatis
388 2385 456 2433 ante
498 2375 610 2446 oculos,
647 2376 758 2451 pingue
791 2374 862 2433 illud
896 2375 1044 2451 altumque
1081 2375 1174 2433 otium

170 2474 290 2551 placeat.
346 2472 464 2530 Etenim
499 2491 602 2531 omnes
637 2473 773 2532 homines
802 2474 923 2531 arbitror
956 2483 1090 2549 oportere
1125 2483 1204 2550 aut5

171 2572 406 2630 inmortalitatem
442 2588 524 2628 suam
559 2580 609 2628 aut
640 2572 844 2652 mortalitatem
879 2572 1016 2646 cogitare,
1045 2579 1074 2628 et
1108 2570 1174 2630 illos

171 2671 290 2747 quidem
310 2669 488 2728 contendere
509 2669 586 2739 eniti,
606 2668 661 2726 hos
682 2671 831 2746 quiescere
853 2671 959 2729 remitti
978 2689 1034 2730 nec
1055 2670 1174 2727 brevem
1214 2681 1218 2686 '

170 2769 260 2828 vitam
288 2767 404 2826 caducis
432 2767 578 2826 laboribus
605 2767 736 2844 fatigare,
760 2778 792 2826 ut
819 2769 904 2828 video
932 2768 1039 2828 multos
1067 2770 1175 2828 misera

172 2867 257 2927 simul
285 2875 314 2923 et
342 2866 454 2942 ingrata
477 2866 604 2941 imagine
627 2865 785 2926 industriae
813 2868 851 2926 ad
874 2868 1012 2927 vilitatem
1036 2867 1079 2925 sui
1108 2885 1173 2944 per-

171 2967 277 3026 venire.
319 2963 405 3022 Haec
425 2983 482 3041 ego
503 2975 611 3036 tecum,
627 2983 702 3042 quae
723 2965 829 3026 cotidie
848 2983 974 3038 mecum,
988 2975 1020 3024 ut
1039 2965 1172 3024 desinam
1191 2991 1222 3025 ιο

171 3083 297 3137 mecum,
313 3064 337 3122 si
358 3064 510 3123 dissenties
531 3075 579 3138 tu3
610 3083 790 3142 quamquam
812 3083 874 3123 non
896 3065 1060 3136 dissenties
1074 3075 1106 3124 ut
1123 3065 1174 3141 qui

172 3183 288 3242 semper
301 3164 410 3224 clarum
424 3163 533 3241 aliquid
547 3174 575 3222 et
589 3165 741 3223 inmortale
755 3165 904 3224 meditere.
945 3163 1027 3222 Vale.
