2646 3914
183 157 344 205 LETTERS
367 160 411 206 OE
433 160 462 208 C.
478 160 625 208 PLINIUS
648 159 832 207 CAECILIUS
853 160 1044 210 SECUNDUS.
1091 160 1134 228 75

460 355 514 408 60.
558 348 689 428 (BOOK
711 353 737 408 6.
764 349 821 429 19.)

162 463 221 512 The
239 469 322 511 senate
340 463 524 526 endeavouring
540 471 567 512 to
584 463 665 528 purify
677 464 709 512 its
726 464 843 512 elections
861 470 887 512 to
903 465 944 512 the
961 464 1134 527 magistracies,

126 547 177 594 has
204 547 267 594 been
291 545 413 595 seconded
439 545 472 608 by
489 546 532 594 the
554 545 681 609 Emperor,
698 546 756 594 who
781 547 826 595 has
850 547 1023 611 promulgated
1048 564 1063 596 a
1087 547 1136 596 law

126 628 244 692 limiting
255 628 297 677 the
308 629 467 693 expenditnre
480 628 510 676 οἱ
518 628 666 686 candidates,
679 628 727 676 and
738 629 845 691 requires
859 629 926 677 them
938 637 965 678 to
977 631 1008 678 be
1019 630 1136 694 qualified

127 711 165 772 by
186 710 228 758 the
245 711 385 773 possession
406 710 436 759 ol
455 718 572 774 property
589 710 614 758 in
631 710 704 773 Italy.
749 711 812 758 This
833 718 973 760 enactment
989 712 1035 760 has
1057 712 1137 761 raised

128 792 175 840 the
187 792 259 841 value
270 792 300 842 of
307 792 398 841 lauded
409 801 526 857 property
536 807 595 840 near
606 792 648 841 the
659 793 717 855 city.
920 801 927 836 t

432 913 457 953 C.
479 911 593 952 PLINIUS
614 912 720 954 NEPOTI
740 915 795 956 SUO
814 915 836 955 S.

176 1009 239 1068 Scis
267 1019 298 1067 tu
322 1011 464 1068 accessise
492 1009 616 1084 pretium
644 1012 728 1086 agris,
757 1013 911 1088 praecipue
940 1011 1135 1070 suburbanis?

132 1103 231 1162 Causa
267 1105 377 1161 subitae
413 1103 537 1162 caritatis
574 1122 621 1162 res
656 1106 752 1164 multis
790 1107 897 1182 agitata
932 1105 1134 1164 sermonibus:

131 1203 277 1278 proximis
310 1203 433 1260 comitiis
460 1202 681 1261 honestissimas
708 1223 795 1264 voces
831 1215 948 1264 senatus
984 1203 1135 1280 expressit,

133 1300 301 1358 ‘candidati
322 1319 361 1359 ne
380 1302 575 1377 conviventur,
590 1321 628 1361 ne
651 1305 765 1362 mittant
786 1323 916 1376 munera,
936 1323 972 1362 ne
994 1304 1134 1380 pecunias

108 1401 303 1476 sdeponant!
354 1399 401 1458 Ex
427 1401 531 1476 quibus
560 1404 618 1462 duo
640 1405 738 1480 priora
762 1414 822 1462 tam
845 1414 943 1480 aperte
968 1422 1057 1480 quam
1080 1403 1134 1460 im·

133 1501 250 1558 modice
278 1500 394 1570 fiebant,
423 1501 480 1559 hoc
504 1504 629 1574 tertium,
655 1501 833 1581 quamquam
856 1505 1054 1574 occultaretur,
1079 1522 1136 1578 pro

134 1608 285 1675 comperto
313 1598 481 1657 habebatur.
533 1601 691 1660 Homullus
720 1602 824 1660 deinde
852 1615 959 1673 noster,
985 1603 1135 1678 vigilanter

133 1715 204 1755 usus
231 1697 289 1755 hoc
318 1715 464 1756 consensu
489 1709 615 1773 senatus,
641 1701 800 1760 sententiae
827 1702 893 1760 loco
921 1701 1074 1776 postulavit
1102 1709 1134 1758 ut

134 1795 270 1854 eonsules
298 1796 474 1854 desiderium
502 1799 700 1857 universorum
728 1808 829 1857 notum
858 1800 981 1876 principi
1005 1799 1133 1858 iacerent

96 1903 330 1970 repeterentque,
356 1895 428 1952 sicut
456 1897 518 1956 aliis
542 1899 615 1956 vitiis
639 1898 705 1955 huic
734 1915 851 1975 quoque
876 1898 1056 1974 providentia
1080 1917 1134 1956 sua

135 2003 305 2051 occurreret.
357 1992 506 2052 Occurrit:
529 2015 599 2055 nam
624 2009 757 2074 sumptus
776 1998 1006 2066 candidatorum,
1029 1997 1133 2056 foedos

135 2090 199 2149 illos
213 2101 242 2148 et
261 2091 392 2163 infames
408 2093 534 2152 ambitus
552 2095 617 2171 lege
639 2096 798 2155 restrinxit:
829 2097 949 2156 eosdem
969 2095 1134 2170 patrimonii

136 2190 247 2248 tertiam
274 2200 388 2265 partem
416 2191 546 2249 conferre
574 2194 655 2251 iussit
681 2194 712 2250 in
742 2212 778 2252 ea
809 2213 883 2268 quae
911 2194 975 2251 solo
1003 2194 1133 2250 contine-

136 2297 240 2360 rentur,
256 2288 387 2347 deforme
406 2291 566 2360 arbitratus,
582 2301 611 2347 et
629 2297 698 2361 erat,
713 2291 856 2348 honorem
875 2291 1016 2365 petituros
1029 2291 1132 2348 urbem

100 2385 307 2463 151taliamque
335 2405 396 2445 non
424 2404 478 2462 pro
503 2389 604 2463 patria
629 2389 681 2446 sed
705 2406 759 2463 pro
787 2388 913 2464 hospitio
942 2399 991 2446 aut
1018 2389 1133 2447 stabulo

4 2481 5 2484 ’
138 2486 220 2561 quasi
247 2486 464 2560 peregrinantes
493 2485 607 2544 habere.
658 2484 842 2545 Concursant
869 2505 941 2562 ergo
966 2487 1132 2545 candidati:

139 2584 266 2642 certatim
294 2583 435 2659 quidquid
462 2585 563 2642 venale
590 2586 712 2644 audiunt
746 2587 898 2662 emptitant
930 2603 1047 2661 quoque
1076 2587 1134 2644 sint

139 2682 219 2758 plura
242 2683 355 2740 venalia
379 2683 514 2741 efficiunt.
566 2681 691 2743 Proinde
716 2685 741 2742 si
764 2685 890 2760 paenitet
914 2693 942 2741 te
965 2684 1133 2744 Italicorum

139 2781 329 2856 praediorum,
357 2780 414 2838 hoc
441 2781 586 2841 vendendi
614 2793 730 2859 tempus
758 2792 816 2841 tam
843 2782 959 2840 hercule
987 2802 1076 2860 quam
1103 2785 1134 2840 in

104 2879 292 2955 20provinciis
320 2881 517 2955 comparandi,
541 2880 611 2940 dum
638 2880 726 2938 iidem
749 2880 894 2940 candidati
915 2880 972 2939 illic
996 2883 1133 2952 vendunt,

140 2987 170 3035 ut
189 2977 237 3036 hic
259 2988 365 3037 emant.
408 2978 490 3037 Vale.

463 3158 525 3215 61..
552 3153 682 3232 (BOOK
705 3155 732 3211 6.
746 3152 816 3233 ¹20.)

152 3265 221 3330 Pliny
231 3267 299 3332 gives
310 3267 412 3316 Tacitus
424 3283 439 3315 a
450 3266 572 3316 narrative
584 3268 614 3316 of
620 3268 659 3316 his
671 3283 728 3316 own
739 3268 908 3318 observations
919 3269 968 3317 and
979 3267 1123 3316 adventures

246 3350 336 3414 during
347 3349 388 3399 the
400 3349 521 3414 eruption,
534 3349 595 3398 alter
605 3349 644 3398 his
656 3351 727 3399 uncle
738 3350 783 3400 lest
793 3351 845 3399 him
856 3359 882 3400 at
894 3352 1025 3400 Misenum.

435 3471 458 3510 c.
481 3469 592 3510 nunnus
612 3470 718 3511 uncino
739 3471 793 3512 suo
814 3471 836 3510 s.

178 3567 230 3624 Ais
266 3575 293 3624 te
321 3565 479 3624 adductum
506 3566 618 3625 litteris.
633 3585 706 3643 quas
735 3566 863 3642 exigenti
896 3567 946 3625 tibi
975 3566 1011 3624 de
1039 3577 1133 3626 morte
