2662 3914
184 179 344 230 LETTERS
368 183 412 230 OF
432 184 461 234 C.
478 182 626 230 PLINIUS
646 179 833 234 CAECILIUS
855 178 1047 227 SECUNDUS.
1082 177 1142 245 105

501 441 553 494 aa.
596 432 720 514 (Tam.
746 430 784 510 1.)

234 573 306 638 Pliny
317 573 501 637 cougratulates
512 570 604 634 Trajan
616 586 649 619 on
660 571 698 620 his
710 569 847 620 succession
859 575 886 618 to
898 569 940 618 the
952 569 1053 633 empire.

386 717 410 758 c.
433 716 546 757 snmus
567 715 697 756 numano
718 713 905 754 rnrunnronr.
988 693 990 696 ’

184 837 252 897 Tua
280 838 399 914 quidem
422 838 522 915 pietas,
545 839 702 915 imperator
725 835 915 907 sanctissime,
940 845 1089 912 optaverat
1113 847 1144 894 ut

142 955 232 1012 quam
246 937 409 997 tardissime
429 936 599 996 succederes
619 937 700 1012 patri.
745 934 803 993 Sed
825 935 863 992 di*
875 935 1052 992 immortales
1067 935 1144 994 lesti-

142 1044 284 1093 navemnt
305 1036 422 1096 virtutes
445 1045 509 1096 tuas
534 1037 572 1096 ad
595 1034 793 1112 gubernacula
820 1034 861 1090 rei
889 1034 1031 1109 publicae,
1056 1051 1145 1109 quam

143 1152 320 1209 susceperas,
336 1135 499 1194 admovere.
542 1133 650 1194 Precor
668 1151 740 1208 ergo
761 1142 793 1191 ut
813 1131 864 1190 tibi
884 1142 912 1190 et
931 1151 983 1209 per
1002 1143 1030 1191 te
1044 1135 1144 1209 generi

113 1232 274 1291 thumano
294 1251 435 1309 prospera
456 1234 564 1304 omnia,
586 1233 616 1292 id
638 1243 681 1294 est
702 1233 791 1308 digna
813 1230 931 1290 saeculo
950 1241 1010 1304 tuo,
1030 1233 1144 1290 contin-

143 1343 224 1409 gant.
266 1332 383 1392 Fortem
405 1342 434 1394 te
455 1343 484 1394 et
504 1333 633 1406 hilarem,
653 1335 809 1408 imperator
830 1332 948 1408 optime,
963 1341 993 1390 et
1013 1332 1145 1408 privatim

144 1441 173 1492 et
187 1431 302 1508 publice
317 1442 398 1509 opto.

504 1618 556 1672 aa.
598 1609 721 1692 <Tana
748 1608 787 1687 2.)

178 1750 250 1814 Pliny
260 1751 352 1800 thanks
363 1748 455 1813 Trajan
467 1750 505 1798 for
515 1749 608 1812 having
619 1747 723 1812 granted
734 1754 761 1798 to
776 1747 829 1796 him
842 1747 976 1812 (although
986 1748 1112 1810 childless)

418 1833 460 1882 the
471 1832 550 1896 rights
561 1832 590 1882 of
597 1848 613 1880 a
624 1831 705 1881 father
716 1831 747 1880 os
753 1847 769 1880 a
780 1831 874 1894 family.

387 1978 412 2019 C·
433 1978 544 2018 PLINIUS
565 1977 694 2019 TRAIANO
714 1978 902 2019 IMPERATORI.

186 2101 367 2179 Exprimere,
396 2101 525 2172 domine,
550 2102 643 2159 verbis
672 2119 734 2160 non
762 2120 885 2178 possum
910 2112 1051 2179 quantum
1076 2103 1147 2160 mihi

147 2201 286 2277 gaudium
301 2200 436 2272 attuleris,
451 2201 532 2278 quod
545 2218 593 2258 me
612 2199 734 2275 dignum
755 2201 862 2276 putasti
883 2201 943 2259 iure
961 2203 1047 2258 trium
1061 2201 1145 2258 liber-

146 2317 238 2357 orum.
295 2299 436 2370 Quamvis
470 2298 548 2356 enim
578 2295 633 2355 Iuli
662 2296 799 2368 Serviani,
828 2298 930 2374 optimi
965 2299 1015 2356 viri
1047 2299 1146 2375 tuique

147 2397 345 2467 amantissimi,
369 2397 503 2474 precibus
528 2395 689 2466 indulseris,
712 2406 811 2454 tamen
834 2397 921 2454 etiam
945 2416 982 2455 ex
1005 2398 1145 2472 rescripto

117 2497 283 2572 5intellego
312 2496 445 2554 libentius
479 2495 537 2553 hoc
571 2495 598 2552 ei
632 2504 661 2553 te
695 2495 878 2570 praestitisse,
907 2497 975 2571 quia
1008 2513 1062 2570 pro
1098 2513 1146 2552 me
1191 2503 1193 2508 ⁴

146 2595 276 2671 rogabat.
319 2593 430 2654 Videor
451 2613 522 2671 ergo
545 2611 691 2653 summam
711 2594 770 2652 voti
792 2594 850 2652 mei
875 2602 1056 2665 consecutus,
1079 2611 1146 2652 cum

146 2694 220 2751 inter
234 2693 315 2750 initia
329 2692 484 2751 felicissimi
503 2693 680 2769 principatus
699 2692 739 2750 tui
759 2692 924 2769 probaveris
943 2710 991 2750 me
1006 2692 1043 2750 ad
1057 2710 1146 2768 pecu·
1170 2723 1171 2728 κ

146 2791 244 2849 liarem
274 2790 485 2866 indulgentiam
511 2799 592 2848 tuam
614 2791 773 2866 pertinere;
805 2809 900 2866 eoque
922 2791 1016 2866 magis
1040 2791 1146 2850 liberos

147 2892 335 2967 concupisco,
351 2908 426 2967 quos
445 2889 550 2948 habere
569 2891 657 2949 etiam
676 2888 725 2947 illo
746 2890 909 2948 tristissimo
930 2890 1045 2949 saeculo
1060 2891 1145 2958 volui,

103 3009 134 3044 10
147 2989 219 3047 sicut
248 2999 331 3065 potes
365 2989 480 3048 duobus
515 2989 706 3048 matrimoniis
741 2989 813 3046 meis
849 2988 973 3047 credere.
1030 2989 1088 3048 Sed
1116 2989 1146 3046 di

147 3089 258 3159 mehus,
274 3090 323 3164 qui
344 3089 443 3146 omnia
463 3089 577 3164 integra
597 3087 718 3146 bonitati
739 3095 805 3144 tuae
826 3096 1023 3146 reservarunt:
1053 3086 1145 3144 malu-

148 3197 231 3245 erunt
245 3187 302 3246 hoc
317 3188 413 3263 potius
427 3195 560 3262 tempore
574 3205 622 3245 me
638 3195 750 3261 patrem
764 3187 833 3260 fieri,
849 3207 908 3264 quo
924 3187 1033 3245 futurus
1048 3203 1144 3244 essem

148 3294 176 3343 et
190 3303 308 3344 securus
323 3294 350 3345 et
366 3285 441 3344 felix.
1156 3278 1160 3285 ’
