2646 3914
13 3547 15 3616 l

182 155 341 205 LETTERS
364 158 408 205 OE
428 159 456 208 C.
472 159 619 206 PLINIUS
641 158 828 208 CAECILIUS
844 160 1035 208 SECUNDUS.
1075 151 1120 226 45

122 317 167 375 vel
182 328 292 392 puncto
307 319 445 394 temporis
460 320 633 390 solebamus,
648 319 772 378 eandem
792 337 869 378 nunc
889 329 917 379 et
932 320 980 396 qui
999 319 1118 377 recitare

82 435 111 484 25
123 426 151 473 et
166 417 216 491 qui
235 417 334 475 audire
354 418 448 476 triduo
463 417 548 476 velint
569 419 759 489 inveniuntur,
774 436 836 476 non
855 419 922 494 quia
939 417 1119 494 eloquentius

122 531 212 589 quam
232 515 319 591 prius,
342 517 393 574 sed
418 517 486 592 quia
507 516 622 574 liberius
642 516 766 592 ideoque
788 516 874 573 etiam
895 517 1027 575 libentius
1052 515 1119 572 scri-

121 615 205 671 bitur.
248 615 377 672 Accedet
398 633 467 690 ergo
489 614 545 672 hoc
566 633 683 691 quoque
704 615 835 674 laudibus
858 616 997 691 principis
1019 614 1119 681 nostri,

124 714 204 788 quod
228 731 274 771 res
296 723 382 772 antea
407 724 466 771 tam
489 714 580 772 invisa
608 732 695 790 quam
723 713 794 771 falsa
822 731 900 770 nunc
917 715 959 770 ‘ut
987 731 1053 770 vera
1080 712 1119 768 ita

124 812 256 870 amabilis
276 810 352 870 facta
373 822 425 870 est.
468 811 526 869 Sed
548 829 604 886 ego
626 830 692 870 cum
714 812 841 870 studium
860 809 1037 868 audientium
1058 820 1120 867 tum

84 927 114 976 30
124 910 261 968 iudicium
276 910 346 968 mire
366 911 501 984 probavi:
532 909 719 968 animadverti
735 911 813 968 enim
834 909 1012 968 severissima
1032 927 1120 983 quae-

124 1025 183 1081 que
197 1007 241 1065 vel
256 1008 381 1066 maxime
397 1008 569 1067 satisfacere.
611 1008 735 1066 Memini
749 1009 868 1086 quidem
886 1026 933 1066 me
949 1026 1009 1066 non
1024 1007 1119 1066 multis

124 1107 260 1166 recitasse
275 1107 356 1183 quod
369 1109 506 1166 omnibus
521 1109 629 1184 scripsi,
641 1108 731 1166 nihilo
745 1109 841 1166 minus
854 1117 961 1179 tamen,
973 1118 1120 1182 tamquam

125 1206 161 1263 sit
186 1206 289 1264 eadem
311 1207 442 1264 omnium
467 1207 560 1266 futura
585 1208 735 1277 sententia,
759 1207 814 1265 hac
839 1208 986 1265 severitate
1009 1206 1121 1263 aurium

124 1305 278 1375 laetor,-ac
293 1304 366 1363 sicut
381 1303 451 1362 olim
471 1305 581 1364 theatra
599 1306 674 1363 male
688 1306 816 1363 musicos
835 1322 939 1362 canere
953 1306 1120 1374 docuerunt,

85 1419 116 1468 35
127 1404 166 1460 ita
178 1421 256 1462 nunc
270 1404 299 1460 in
315 1421 397 1478 spem
411 1404 542 1462 adducor
561 1423 648 1481 posse
669 1404 728 1462 lieri
747 1413 778 1461 ut
798 1403 901 1462 eadem
922 1404 1032 1462 theatra
1046 1404 1121 1461 bene

127 1519 231 1560 canere
252 1503 380 1560 musicos
401 1503 533 1562 doceant.
576 1503 688 1562 Omnes
709 1504 787 1561 enim
808 1504 857 1578 qui
881 1503 1014 1578 placendi
1035 1518 1123 1560 causa

126 1601 256 1660 scribunt
277 1600 373 1676 qualia
393 1600 506 1677 placere
532 1602 652 1659 viden'nt
673 1601 805 1660 scribent.
847 1601 892 1658 Ac
913 1600 983 1657 mihi
1004 1599 1122 1676 quidem

127 1699 246 1758 confido
261 1699 292 1756 in
305 1699 363 1757 hoc
382 1717 489 1774 genere
508 1701 644 1758 materiae
663 1699 789 1758 laetioris
809 1699 863 1758 stili
885 1707 1017 1756 constare
1037 1698 1123 1754 ratio-

127 1811 205 1864 nem,
227 1811 295 1850 cum
317 1794 470 1868 capotius
491 1812 566 1869 quae
585 1795 711 1870 pressius
733 1802 762 1851 et
783 1792 945 1851 adstrictius
966 1809 1054 1868 quam
1076 1791 1123 1848 illa

86 1908 119 1956 40
128 1910 204 1968 quae
218 1891 334 1950 hilarius
349 1902 377 1950 et
392 1893 473 1969 quasi
493 1893 666 1952 exultantius
685 1893 786 1968 scripsi
801 1891 912 1968 possint
926 1889 1014 1948 videri
1029 1907 1121 1948 arces-

128 1987 183 2045 sita
202 1995 229 2043 et
249 1986 387 2045 inducta:
418 2005 479 2045 non
499 1988 565 2046 ideo
585 1997 683 2046 tamen
698 1988 815 2062 segnius
828 2003 931 2062 precor
944 1993 976 2043 ut
990 1983 1123 2060 quando·

128 2102 186 2159 que
208 2084 303 2142 veniat
318 2083 380 2142 dies
399 2080 579 2161 (utinamque
597 2087 655 2144 iam
676 2085 785 2144 venerit
795 2083 823 2163 l),
848 2103 907 2161 quo
930 2082 1050 2141 austeris
1070 2081 1123 2139 illis

128 2182 292 2258 severisque
322 2183 417 2240 dulcia
450 2182 523 2242 haec
556 2183 720 2260 blandaque
753 2183 797 2242 vel
831 2183 905 2240 iusta
938 2181 1124 2258 possessione

129 2280 279 2339 decedant
314 2281 430 2340 ‘Habes
453 2292 517 2340 acta
539 2300 605 2341 mea
631 2282 733 2354 tridui;
769 2281 874 2357 quibus
897 2279 1020 2355 cognitis
1048 2278 1124 2336 volui

86 2397 118 2447 45
129 2388 241 2438 tantum
255 2387 283 2437 te
297 2379 450 2454 voluptatis
470 2381 621 2439 absentem
641 2390 670 2438 et
691 2379 852 2438 studiorum
871 2379 991 2437 nomine
1010 2386 1038 2435 et
1056 2394 1123 2437 meo

129 2497 243 2554 capere,
258 2487 397 2555 quantum
411 2496 548 2555 praesens
562 2479 709 2556 percipere
725 2479 877 2556 potuisses.
920 2475 1001 2535 Vale.

450 2735 502 2789 33.
543 2729 672 2810 (BOOK
694 2750 720 2804 3.
747 2726 805 2807 19.)

104 2921 108 2927 .
166 2876 238 2939 Pliny
255 2875 312 2924 asks
330 2877 368 2924 lor
384 2875 469 2924 advice
485 2876 510 2924 in
523 2877 611 2940 regard
627 2884 654 2926 to
671 2878 713 2927 the
729 2878 848 2942 purchase
863 2877 934 2925 olan
951 2883 1028 2926 estate
1045 2875 1125 2924 which

131 2976 189 3009 runs
200 2959 253 3008 into
266 2959 304 3007 his
315 2965 439 3022 property.
474 2960 515 3007 He
526 2960 647 3010 describes
659 2962 701 3010 the
715 2962 866 3023 advantages
878 2960 925 3008 and
937 2960 1126 3020 disadvantages

133 3044 162 3092 ol
176 3042 316 3107 possessing
329 3043 357 3098 it,
369 3057 459 3105 among
475 3042 516 3090 the
533 3043 606 3091 latter
621 3043 663 3092 the
680 3043 809 3092 miserable
823 3043 948 3092 condition
964 3043 993 3091 of
1004 3042 1045 3090 the
1057 3039 1126 3088 culti·

81 3121 86 3134 '
132 3133 225 3174 vators.

373 3245 397 3285 C·
419 3244 530 3285 PLINIUS
550 3246 678 3286 CALVISIO
699 3246 776 3287 RUFO
796 3245 849 3286 SUO
870 3245 892 3286 S.

176 3373 311 3432 Adsumo
326 3383 354 3433 te
373 3375 403 3432 in
422 3374 574 3465 consilium
595 3376 636 3432 rei
657 3374 810 3445 familiaris,
825 3384 857 3432 ut
878 3375 968 3434 soleo.
1009 3372 1129 3446 Praedia

136 3473 213 3548 agris
234 3473 307 3532 meis
328 3474 421 3531 vicina
442 3481 527 3549 atque
549 3474 636 3531 etiam
656 3473 761 3532 inserta
782 3472 892 3532 venalia
913 3480 986 3530 sunt.
1028 3470 1063 3528 In
1084 3471 1129 3529 his

137 3590 186 3632 me
201 3571 292 3631 multa
306 3571 466 3648 sollicitant,
482 3572 577 3651 aliqua
592 3591 647 3632 nec
666 3573 779 3631 minora
799 3572 950 3632 deterrent.
991 3569 1129 3631 Sollicitat
