2646 3914
210 143 370 198 LETTERS
393 150 436 199 OF
459 151 487 201 0.
500 149 647 198 PLINIUS
670 148 857 198 CAECILIUS
877 147 1069 199 SECUNDUS.
1116 153 1154 206 21

488 366 536 420 17.
579 358 708 438 (BOOK
731 379 756 417 2.
780 355 820 437 6.)

189 486 261 550 Pliny
283 489 396 539 cautious
415 489 506 540 Avitus
529 489 626 553 against
648 489 690 538 the
713 504 789 537 mean-
807 504 935 553 economy‚
951 489 1033 539 which
1055 491 1087 540 he
1106 492 1156 541 had

154 569 293 626 witnessed,
310 571 340 620 of
352 572 456 636 making
472 572 629 620 distinctions
645 571 755 619 between
769 578 853 637 guests
869 571 898 619 ol
910 571 952 620 the
966 589 1033 625 same
1046 574 1115 623 table
1131 575 1157 628 in

154 650 197 699 the
209 651 305 716 quality
317 653 345 703 of
353 654 395 703 the
407 655 595 704 entertainment
606 652 726 722 provided
736 652 775 700 lor
785 652 861 702 them.

461 791 485 832 C.
507 790 619 833 PLINIUS
641 789 729 830 AVITO
750 789 803 834 SUO
824 789 846 830 S.

195 902 333 981 Longum
354 913 399 964 est
419 905 502 964 altius
523 914 661 981 repetere,
682 922 737 961 nec
759 903 845 962 refert
865 923 954 982 quem
975 907 1014 965 ad
1033 908 1156 966 modum

154 1002 297 1062 accideret
310 1013 341 1061 ut
355 1003 446 1063 homo
461 1003 580 1062 minime
594 1001 739 1060 familiaris
755 1020 889 1060 cenarem
904 1003 983 1081 apud
998 1006 1155 1082 quendam,

153 1111 185 1160 ut
210 1102 264 1159 sibi
285 1102 444 1175 videbatur,
467 1104 578 1161 lautum
599 1111 628 1164 et
653 1101 828 1177 diligentem,
850 1111 882 1161 ut
902 1103 983 1175 mihi,
1005 1104 1156 1162 sordidum
1206 1152 1208 1158 .

154 1199 281 1259 simulet
296 1212 508 1277 sumptuosum.
551 1200 630 1259 Nam
650 1200 704 1259 sibi
719 1211 747 1258 et
761 1201 862 1277 paucis
881 1203 980 1278 opima
1001 1204 1155 1282 quaedam,

124 1300 256 1362 5ceteris
284 1301 349 1358 vilia
380 1310 409 1358 et
438 1302 549 1358 minuta
580 1298 718 1378 ponebat.
769 1298 879 1356 Vinum
909 1301 996 1358 etiam
1032 1303 1156 1377 parvulis

125 1389 128 1400 ’
152 1398 312 1473 lagunculis
333 1399 363 1456 in
384 1400 438 1457 tria
457 1416 569 1475 genera,
586 1397 777 1477 discripserat,
799 1415 861 1458 uon
882 1407 914 1458 ut
935 1408 1063 1482 potestas
1085 1402 1155 1478 elig-

152 1495 229 1567 endi,
252 1497 304 1554 sed
325 1515 362 1555 ne
384 1497 429 1555 ius
450 1506 527 1558 esset
547 1495 708 1566 recusandi,
731 1496 809 1557 aliud
833 1497 887 1554 sibi
912 1507 940 1555 et
961 1500 1054 1570 nobis,
1077 1500 1155 1558 aliud
1209 1539 1215 1556 .

152 1595 313 1654 minoribus
334 1595 433 1654 amicis
456 1595 537 1678 (nam
562 1593 704 1670 gradatim
730 1593 840 1652 amicos
865 1593 974 1678 habet),
997 1597 1075 1654 aliud
1095 1600 1154 1656 suis

151 1695 315 1770 nostrisque
330 1694 445 1752 libertis.
488 1692 699 1756 Animadvertit
714 1692 763 1769 qui
784 1692 853 1749 mihi
872 1695 1024 1769 proximus
1040 1713 1154 1756 recum-

107 1793 241 1851 tollebat
262 1804 291 1851 et
316 1811 354 1851 an
379 1794 532 1871 probarem
556 1790 748 1872 interrogavit.
799 1789 920 1871 Negavi.
971 1791 1037 1853 ‘Tu
1061 1795 1152 1870 ergo’

152 1889 244 1966 inquit
266 1894 374 1967 ‘quam
395 1891 636 1948 consuetudinem
658 1888 819 1965 sequeris’l
864 1889 993 1954 ‘Eadem
1015 1893 1152 1954 omnibus

151 2006 250 2066 pono:
280 1989 318 2047 ad
342 2007 446 2047 cenam
474 1989 561 2060 enim,
588 2005 649 2045 non
678 1988 715 2046 ad
738 1999 839 2050 notam
863 1989 951 2048 invito
981 1991 1151 2072 cunctisque

152 2088 237 2145 rebus
263 2105 404 2164 exaequ0,
427 2106 502 2165 quos
524 2105 628 2144 mensa
652 2096 680 2147 et
704 2097 770 2149 toro
798 2090 919 2165 aequavi
927 2088 943 2149 '.
999 2089 1150 2148 ‘Etiamne

151 2185 299 2245 libertos'?
322 2185 450 2245 ‘Etiam:
466 2187 646 2245 convictores
662 2185 740 2242 enim
755 2195 832 2258 tunc,
848 2204 909 2244 non
923 2188 1040 2245 libertos
1054 2188 1149 2263 puto'.

106 2312 136 2362 15
150 2283 189 2343 Et
202 2286 248 2343 ille
263 2290 390 2361 ‘magno
405 2285 455 2342 tibi
470 2294 584 2343 constat
593 2283 608 2342 ’.
646 2283 785 2342 ‘Minime
795 2286 812 2344 '.
848 2286 924 2362 ‘Qui
939 2287 999 2344 fieri
1013 2286 1149 2361 potest'?

151 2382 247 2455 ‘Quia
268 2385 375 2442 scilicet
395 2385 487 2445 liberti
511 2383 569 2441 mei
593 2401 653 2442 non
676 2382 752 2440 idem
778 2384 858 2463 quod
882 2402 938 2460 ego
964 2385 1074 2455 bibunt,
1097 2383 1149 2446 sed

148 2482 226 2542 idem
248 2502 305 2560 ego
327 2485 408 2562 quod
428 2482 539 2542 liberti’
581 2483 619 2544 Et
639 2482 754 2546 hercule
772 2485 795 2542 si
814 2482 899 2562 gulae
919 2493 1071 2564 temperes
1086 2502 1148 2546 non

149 2592 194 2641 est
218 2600 375 2642 onerosum
399 2600 459 2660 quo
482 2583 570 2643 utaris
593 2584 654 2664 ipse
679 2584 894 2646 communicare
919 2601 986 2640 cum
1011 2583 1147 2662 pluribus.

148 2679 203 2740 Illa
222 2701 291 2759 ergo
306 2684 497 2760 reprimenda,
512 2686 560 2746 illa
579 2684 662 2760 quasi
681 2683 711 2738 in
726 2682 858 2741 ordinem
877 2682 1035 2758 redigenda
1056 2692 1107 2754 est,
1123 2682 1148 2744 si

104 2806 136 2841 20
148 2782 311 2856 sumptibus
334 2801 443 2858 parcas,
467 2785 574 2866 quibus
599 2784 746 2859 aliquanto
770 2782 874 2840 rectius
896 2793 945 2840 tua
970 2782 1148 2840 continentia

148 2899 238 2957 quam
258 2882 351 2941 aliena
370 2886 545 2944 contumelia
562 2882 705 2943 consulas.
748 2881 882 2958 Quorsus
902 2881 996 2938 haec?
1025 2879 1072 2939 Ne
1087 2880 1145 2953 tibi,

147 2979 277 3054 optimae
298 2980 402 3039 indolis
424 2983 525 3055 iuveni,
542 2981 725 3059 q'uorun'dam
746 2979 777 3036 in
796 2998 899 3038 mensa
919 2979 1028 3042 luxuria
1050 2978 1146 3054 specie

146 3076 319 3154 frugalitatis
346 3081 486 3156 imponat.
541 3079 687 3140 Convenit
714 3089 810 3136 autem
836 3078 928 3138 amori
956 3078 985 3139 in
1014 3087 1041 3134 te
1068 3092 1144 3148 meo,

146 3176 283 3252 quotiens
312 3177 367 3236 tale
395 3179 504 3254 aliquid
531 3178 670 3249 inciderit,
700 3177 755 3234 sub
783 3176 918 3251 exemplo
946 3191 1144 3252 praemonere,

100 3299 131 3350 ²5
145 3274 216 3351 quid
248 3275 356 3335 debeas
386 3277 494 3354 fugere.
550 3276 640 3352 igitur
671 3287 821 3337 memento
850 3273 921 3333 nihil
952 3272 1045 3347 magis
1081 3290 1145 3330 esse

144 3374 303 3448 vitandum,
329 3395 418 3453 quam
442 3378 525 3436 istam
550 3375 679 3435 luxuriae
707 3383 736 3432 et
763 3373 893 3433 sordium
918 3390 1025 3436 novam
1054 3373 1145 3432 socie,

142 3483 235 3532 tatem
245 3495 254 3548 3
291 3495 366 3552 quae
398 3495 465 3536 cum
497 3479 554 3536 sint
585 3474 751 3551 turpissima
782 3474 905 3532 discreta
936 3489 970 3530 ac
1003 3484 1145 3546 separata,

140 3575 254 3649 turpius
275 3576 440 3652 iunguntur.
482 3576 565 3634 Vale.
