2646 3914
186 181 345 230 narrares
369 180 413 229 or
436 181 467 233 c.
482 181 627 228 Prrrvrvs
650 177 837 228 cruciarus
860 178 1052 226 sueonum.
1099 163 1139 244 85

133 351 240 400 noctes
254 359 306 418 per
320 351 431 400 metum
445 341 651 417 vigilabantur:
673 338 799 414 vigiliam
811 340 934 397 morbus
949 348 977 397 et
992 347 1139 396 crescente

86 447 120 496 25
133 439 293 520 formidine
314 458 395 499 mors
418 440 599 516 sequebatur.
621 436 721 502 ,Nam
743 436 868 495 interdiu
892 455 1016 513 quoque,
1038 455 1139 514 quarn·

134 556 226 614 quam
240 539 422 598 abscesserat
435 539 542 613 imago,
558 487 700 594 mehoria
719 536 855 610 imaginis
874 537 966 595 oculis
984 537 1137 607 inerrabat,

132 637 310 712 longiorque
325 637 420 696 causis
434 637 545 695 timoris
559 635 646 693 timor
665 643 733 693 erat.
774 633 899 692 Deserta
920 635 988 693 inde
1009 645 1038 694 et
1057 636 1138 695 dam-

133 744 204 793 nata
219 735 374 793 solitudine
394 736 501 795 domus
520 743 639 809 totaque
657 733 696 791 illi
715 741 848 790 monstro
867 732 965 791 relicta
975 752 983 805 ;
1014 736 1138 811 proscri-

133 834 258 892 bebatur
278 843 386 900 tamen,
401 851 453 892 seu
472 832 536 909 quis
557 851 662 904 emere,
678 850 728 890 seu
748 831 812 908 quis
833 832 998 891 conducere
1019 835 1137 908 ignarus

86 950 121 997 30
134 934 208 990 tanti
229 932 297 990 mali
318 933 411 991 vellet.
451 930 541 990 Venit
560 931 691 990 Athenas
712 930 904 1006 philosophus
918 930 1137 1003 Athenodorus

134 1030 205 1106 legit
219 1029 332 1088 titulum
352 1031 510 1107 auditoque
528 1029 630 1107 preti0,
645 1029 713 1104 quia
733 1039 868 1104 suspecta
881 1029 982 1101 vilitas,
997 1047 1136 1104 percunc-

133 1139 212 1188 tatus
237 1130 338 1187 omnia
365 1128 485 1188 docetur
513 1147 547 1187 ac
572 1127 662 1187 nihilo
687 1127 792 1198 minus,
816 1129 907 1187 immo
932 1138 1014 1187 tanto
1041 1129 1136 1203 magis

53 1293 57 1298 ,
134 1227 282 1286 conducit,
334 1226 393 1284 Ubi
417 1227 514 1302 coepit
537 1227 787 1303 advesperascere,
811 1227 893 1286 iubet
916 1228 1004 1286 sterni
1027 1228 1081 1286 sibi
1105 1227 1136 1284 in
1191 1251 1193 1254 ·

133 1327 228 1402 prima
254 1327 360 1385 domus
381 1337 470 1402 parte,
495 1328 591 1404 poscit
610 1327 766 1403 pugillares
790 1327 886 1384 stilum
916 1327 1030 1400 lumen;
1067 1344 1137 1386 suos

88 1443 119 1491 35
134 1443 240 1484 omnes
264 1425 295 1481 in
323 1425 457 1484 interiora
485 1426 607 1497 dimittit,
636 1426 698 1501 ipse
726 1424 764 1482 ad
791 1424 977 1484 scribendum
1005 1426 1135 1483 animum

80 1557 82 1562 .
133 1523 237 1581 oculos
251 1541 371 1580 manum
390 1523 522 1592 intendit,
538 1541 576 1580 ne
596 1540 688 1580 vacua
708 1540 793 1580 mens
814 1523 911 1580 audita
932 1524 1087 1582 simulacra
1107 1534 1136 1582 et

133 1623 236 1680 inanes
258 1621 312 1679 sibi
333 1631 428 1680 metus
450 1621 602 1696 fingerett
629 1619 726 1691 Initio,
749 1620 833 1696 quale
853 1621 968 1696 ubique,
991 1622 1136 1680 silentium

134 1722 238 1791 noctis,
255 1721 321 1778 dein
336 1721 454 1778 concuti
472 1719 588 1790 ferrum,
603 1720 717 1778 vincula
738 1720 867 1778 moveri:
892 1720 940 1777 ille
958 1713 1020 1777 no'n
1034 1721 1135 1779 tollere

134 1819 244 1889 oculos,
260 1837 321 1876 non
335 1819 478 1878 remittere
498 1820 603 1890 stilum,
619 1819 671 1878 sed
690 1819 835 1877 offirmare
854 1819 984 1876 animum
1005 1819 1136 1878 auribus·

87 1933 120 1981 40
135 1935 192 1992 que
213 1917 423 1992 praetendere:
453 1926 515 1975 tum
537 1919 717 1976 crebrescere
737 1917 842 1992 fragor,
857 1917 1013 1976 adventare
1033 1928 1062 1975 et
1075 1919 1134 1976 iam

134 2024 166 2073 ut
186 2015 217 2072 in
237 2014 345 2086 limine,
364 2015 422 2073 iam
443 2025 474 2073 ut
497 2017 572 2075 intra
595 2017 684 2074 limen
706 2016 816 2074 audiri:
846 2017 971 2093 respicit,
986 2017 1063 2076 videt
1083 2036 1136 2094 ag-

135 2113 288 2189 noscitque
307 2123 451 2172 narratam
466 2114 520 2172 sibi
535 2114 670 2190 effigiem.
714 2114 814 2173 Stabat
827 2116 1024 2192 innuebatque
1044 2115 1137 2191 digito

50 2222 53 2228 ’
134 2212 235 2270 similis
263 2211 397 2270 vocanti:
441 2211 488 2269 hic
517 2201 619 2270 contr'a
646 2223 678 2269 ut
705 2213 824 2288 paulum
852 2224 1018 2290 expectaret
1045 2232 1136 2271 manu

135 2310 277 2386 significat
303 2329 460 2387 rursusque
484 2311 556 2369 ceris
581 2319 610 2368 et
633 2311 698 2369 stilo
721 2312 879 2370 incumbit:
910 2312 959 2370 illa
984 2312 1135 2370 scribentis

87 2427 120 2476 45
135 2409 222 2484 capiti
250 2409 357 2467 catenis
382 2409 555 2467 insonabat:
590 2409 705 2487 respicit
729 2428 828 2468 rursus
849 2410 928 2468 idem
951 2411 1031 2486 quod
1056 2411 1135 2486 prius

134 2511 305 2567 innuentem
325 2527 380 2567 nec
402 2518 530 2567 moratus
554 2509 627 2566 tollit
649 2510 747 2568 lumen
770 2519 798 2568 et
821 2511 958 2586 sequitur.
1000 2509 1066 2567 Ibat
1088 2510 1137 2567 illa

134 2606 215 2666 lento
243 2607 343 2683 gradu,
373 2609 455 2683 quasi
483 2608 577 2683 gravis
605 2607 740 2667 vinculis:
774 2619 933 2685 postquam
961 2609 1078 2667 deflexit
1106 2609 1136 2665 in
1187 2682 1189 2687 .

135 2723 233 2766 aream
258 2707 373 2772 domus,
398 2716 517 2781 repente
547 2706 658 2781 dilapsa
686 2708 790 2766 deserit
815 2709 968 2767 comitem:
1005 2708 1136 2766 desertus

135 2803 240 2861 herbas
263 2814 291 2862 et
313 2803 382 2862 folia
403 2814 560 2880 concerpta
581 2806 697 2882 signum
718 2807 785 2864 loco
809 2807 900 2882 ponit.
942 2806 1064 2865 Postero
1091 2807 1136 2864 die

88 2924 122 2972 50
135 2902 195 2961 adit
212 2903 403 2978 magistratus
417 2914 518 2961 monet
537 2913 569 2962 ut
588 2904 667 2961 illum
687 2904 786 2962 locum
807 2905 897 2962 effodi
917 2905 1045 2964 iubeant.
1088 2904 1137 2961 In·

136 3004 289 3061 veniuntur
303 3021 372 3060 ossa
386 3003 492 3060 inserta
511 3004 621 3061 catenis
640 3011 669 3060 ct
686 3003 822 3078 inplicita,
838 3021 913 3079 quae
935 3021 1042 3080 corpus
1064 3020 1136 3060 aevo

135 3111 268 3178 terraque
296 3100 490 3177 putrefactum
525 3101 604 3159 nuda
639 3111 668 3159 et
700 3117 788 3159 exesa
814 3102 968 3178 reliquerat
996 3102 1135 3160 vinculis:

135 3200 257 3259 collecta
284 3201 399 3277 publice
424 3198 610 3274 sepeliuntur.
659 3199 776 3258 Domus
800 3210 904 3276 postea
929 3202 981 3258 rite
1011 3199 1136 3260 conditis

135 3300 270 3358 manibus
304 3297 495 3388 caruit,th
528 3296 601 3356 haec
632 3298 749 3374 quidem
784 3299 1001 3357 adfirmantibus
1030 3298 1136 3370 credo;

89 3415 120 3465 55
134 3398 205 3456 illud
224 3398 376 3458 adfirmare
391 3398 453 3455 aliis
466 3415 596 3472 possum.
637 3397 691 3456 Est
709 3399 826 3456 libertus
848 3398 916 3455 mihi
938 3414 998 3455 non
1019 3396 1138 3456 inlitter-

135 3507 217 3556 atus:
240 3516 307 3555 cum
322 3497 379 3555 hoc
393 3497 489 3554 minor
503 3496 590 3555 frater
603 3497 708 3555 eodem
723 3498 799 3556 lecto
815 3499 997 3572 quiescebat:
1020 3495 1045 3554 is
1059 3498 1138 3555 visus

135 3609 180 3656 est
195 3597 248 3657 sibi
264 3615 381 3655 cernere
396 3595 543 3674 quendam
557 3597 588 3657 in
607 3606 672 3656 toro
686 3597 861 3656 residentem
875 3596 1137 3674 admoventemque
