2662 3914
180 167 241 230 106
437 183 459 230 Α
484 181 683 231 snrncrrorr
702 181 807 233 rnou
829 183 899 232 run

524 457 574 512 87.
618 449 743 530 (TRAl.
766 445 827 527 65.)

187 579 259 643 Pliny
270 579 327 630 asks
338 582 428 647 Trajan
436 587 547 638 whether
558 589 699 654 loundlings
710 603 751 638 are
762 595 789 638 to
798 589 831 637 be
842 583 985 636 considered
996 585 1039 633 the
1051 591 1169 650 property

264 663 294 712 of
301 665 371 716 those
383 669 440 718 who
451 669 515 720 bave
527 673 589 722 been
601 679 627 721 at
638 672 681 721 the
692 687 796 736 expense
808 670 838 720 of
844 669 960 733 bringing
971 667 1039 717 them
1051 683 1092 731 up.

419 818 445 858 C·
466 819 579 860 PLINIUS
600 820 730 861 TRAIANO
750 815 938 859 IMPERATORI.

216 933 337 1012 Magna,
348 937 474 1012 domine,
487 951 516 999 et
530 941 568 1000 ad
582 951 674 1000 totam
689 941 868 1018 provinciam
882 939 1030 1015 pertinens
1045 937 1179 1012 quaestio

175 1043 219 1092 est
243 1034 280 1093 de
301 1037 476 1096 condicione
494 1049 524 1097 et
542 1039 686 1098 alimentis
700 1056 802 1098 eorum
821 1054 898 1114 quos
918 1045 1024 1096 vocant
1045 1037 1179 1109 θρεπτοὺς.

174 1131 211 1189 In
233 1151 292 1210 qua
319 1153 377 1211 ego
405 1137 508 1196 auditis
535 1137 789 1196 constitutionibus
813 1136 987 1212 principum,
1014 1134 1083 1209 quia
1108 1132 1181 1191 nihil

173 1224 358 1289 inveniebam
380 1243 429 1290 aut
451 1235 602 1311 proprium
623 1244 673 1293 aut
694 1234 854 1293 universale
875 1233 956 1310 quod
977 1232 1015 1292 ad
1035 1230 1180 1307 Bithynos

175 1328 333 1398 referretur,
349 1331 561 1391 consulendum
582 1342 610 1391 te
631 1331 800 1404 existimavi,
820 1331 891 1408 quid
912 1331 1059 1390 observari
1079 1330 1208 1403 vellem

175 1443 270 1502 neque
285 1429 382 1502 putavi
400 1447 489 1504 posse
508 1450 556 1490 me
575 1433 607 1489 in
627 1448 663 1490 eo
685 1431 765 1508 quod
786 1430 984 1490 auctoritatem
1006 1439 1086 1488 tuam
1108 1446 1178 1504 pos·

175 1533 251 1582 ceret
265 1527 401 1603 exemplo
416 1546 481 1587 esse
500 1538 681 1589 contentum.
723 1529 910 1588 Recitabatur
924 1537 1021 1587 autem
1036 1527 1115 1604 apud
1128 1545 1179 1585 me

174 1622 300 1682 edictum
315 1626 395 1702 quod
414 1627 563 1687 dicebatru
585 1629 642 1688 divi
656 1629 782 1705 Augusti
803 1628 841 1687 ad
859 1627 988 1686 Anniam
1009 1627 1158 1704 pertinens
1168 1645 1177 1697 ;

173 1722 308 1782 recitatae
330 1734 359 1782 et
379 1726 519 1802 epistulae
539 1727 597 1786 divi
617 1726 792 1804 Vespasiani
813 1727 851 1786 ad
872 1725 1126 1786 Lacedaemonios
1147 1733 1179 1782 et

174 1819 231 1878 divi
259 1821 319 1880 Titi
347 1824 385 1882 ad
410 1825 531 1884 eosdem
554 1821 717 1906 [Achaeos]
743 1835 772 1884 et
795 1825 956 1885 Domitiani
977 1825 1014 1884 ad
1036 1824 1177 1883 Avidium
1193 1851 1224 1886 10

174 1917 332 1994 Nigrinum
360 1931 390 1980 et
416 1923 589 1982 Armenium
616 1922 782 1982 Brocchum
811 1924 1011 2000 proconsules,
1040 1923 1110 1982 item
1138 1924 1178 1981 ad

173 2015 437 2079 Lacedaemonios.
489 2020 574 2092 Quae
594 2021 662 2080 ideo
684 2022 734 2079 tibi
755 2040 817 2080 non
837 2023 911 2094 misi,
933 2023 1001 2099 quia
1022 2031 1051 2080 et
1071 2039 1177 2098 parum

174 2116 329 2176 emendata
351 2128 380 2177 et
404 2119 548 2195 quaedam
570 2136 631 2177 non
654 2130 749 2180 certae
770 2121 837 2179 fidei
857 2121 1035 2193 videbantur,
1056 2129 1085 2178 et
1108 2121 1177 2196 quia

174 2233 241 2274 vera
255 2228 283 2275 et
298 2218 452 2277 emendata
465 2219 495 2276 in
510 2219 620 2280 scriniis
634 2220 690 2279 tuis
705 2237 769 2279 esse
783 2219 946 2279 credebam.

522 2476 575 2528 ss.
618 2471 742 2552 (Tam.
767 2471 827 2550 66.)

206 2605 297 2669 Trajan
309 2623 353 2656 can
365 2605 417 2656 find
428 2624 461 2657 no
472 2607 572 2672 general
583 2609 685 2673 rescript
697 2610 727 2659 of
739 2610 778 2658 his
790 2609 959 2674 predecessors
974 2626 1006 2659 on
1022 2610 1065 2659 the
1080 2608 1175 2672 subject

173 2688 204 2735 of
217 2688 258 2736 the
269 2689 399 2755 loregoing
415 2691 502 2751 letter;
518 2691 566 2746 but
574 2691 676 2741 himself
688 2692 787 2741 decides
797 2691 826 2741 in
842 2691 930 2742 favour
943 2691 974 2741 of
986 2693 1029 2742 the
1044 2691 1176 2741 children's

173 2769 291 2822 freedom.

537 2893 681 2934 TRAIANUS
701 2893 806 2935 PLINIO.

217 3016 359 3089 Quaestio
373 3015 428 3074 ista
442 3035 515 3093 quae
534 3019 658 3095 pertinet
678 3017 715 3076 ad
730 3035 783 3076 eos
802 3019 851 3094 qui
869 3018 951 3076 liberi
965 3019 1024 3077 nati
1039 3018 1173 3094 expositi,

173 3115 278 3176 deinde
293 3116 396 3175 sublati
410 3136 428 3175 a
442 3117 616 3193 quibusdam
630 3117 702 3176 etin
723 3117 856 3176 servitute
875 3116 990 3175 educati
1005 3127 1071 3175 sunt
1085 3136 1174 3194 saepe

172 3225 292 3274 tractata
306 3225 357 3288 est,
372 3233 428 3273 nec
448 3217 604 3293 quicquam
622 3216 766 3274 invenitur
786 3216 816 3274 in
838 3216 1053 3275 commentariis
1071 3235 1174 3275 eorum

173 3315 337 3390 principum
356 3314 407 3390 qui
427 3323 494 3373 ante
514 3334 562 3374 me
581 3316 705 3385 suerunt,
720 3314 800 3390 quod
821 3314 859 3372 ad
883 3331 987 3372 omnes
1009 3315 1173 3391 provincias

173 3412 209 3469 sit
228 3413 425 3472 constitutum.
467 3413 616 3491 Epistulae
636 3431 706 3472 sane
725 3422 791 3470 sunt
804 3410 963 3469 Domitiani
983 3412 1021 3470 ad
1035 3413 1202 3485 Avidium5

172 3508 328 3584 Nigrinum
349 3522 378 3571 et
400 3514 573 3572 Armenium
598 3511 772 3576 Brocchum,
799 3528 872 3586 quae
897 3509 1018 3568 sortasse
1046 3511 1174 3572 debeant

173 3608 328 3682 observari,
343 3612 395 3670 sed
413 3613 487 3672 inter
506 3630 556 3673 eas
569 3611 733 3689 provincias
752 3609 789 3668 de
806 3608 911 3686 quibus
925 3609 1071 3686 rescripsit
1084 3610 1172 3670 inter-
