2646 3914
191 186 350 236 LETTERS
373 189 416 236 ot·
438 190 468 241 C.
483 189 630 237 PLINIUS
652 188 841 238 CAECILIUS
861 190 1052 242 SECUNDUS.
1102 189 1123 257 5

124 348 250 408 maxime
274 347 366 406 floret.
417 347 511 407 Multa
537 348 672 425 claraque
697 347 832 424 exempla
859 359 926 408 sunt
938 369 950 422 3*
980 349 1124 410 sufficeret

123 463 224 518 unum,
249 446 411 522 Euphrates
436 447 633 524 philosophus.
685 447 775 507 Hunc
800 465 857 524 ego
882 449 912 506 in
938 447 1028 526 Syria,
1055 463 1124 508 cum

126 544 358 606 adulescentulus
377 547 537 617 militarem,
557 547 673 622 penitus
691 557 721 604 et
740 546 821 605 domi
842 548 955 622 inspexi
975 547 1124 622 amarique

97 651 111 700 5
126 644 162 703 ab
176 662 213 702 eo
227 643 363 716 laboravi,
377 645 432 704 etsi
451 663 512 703 non
530 653 591 703 erat
610 645 811 704 laborandum.
854 644 908 705 Est
924 647 1003 704 enirn
1020 647 1124 708 obvius

125 752 154 801 et
175 743 322 818 expositus
340 743 501 820 plenusque
520 743 707 813 humanitate,
728 761 816 820 quam
834 745 983 821 praecipit.
1025 744 1124 821 Atque

125 841 236 900 utinam
251 841 292 900 sic
306 842 369 917 ipse
380 859 473 918 quam
492 860 576 918 spem
590 851 659 901 tunc
673 842 719 900 ille
734 841 770 900 de
785 861 833 901 me
846 843 984 918 concepit
1001 842 1123 918 implev-

125 942 205 1010 erim,
227 949 259 999 ut
279 941 325 999 ille
346 941 468 1000 multum
489 941 637 1000 virtutibus
658 942 716 1000 suis
738 941 866 1000 addidit!
894 951 944 1000 aut
966 959 1023 1018 ego
1044 959 1124 1000 nunc

125 1039 186 1097 illas
200 1039 294 1115 magis
307 1041 404 1110 miror,
418 1039 487 1115 quia
500 1041 594 1116 magis
608 1039 755 1115 intellego,
791 1039 979 1117 Quamquam
993 1058 1030 1098 ne
1044 1057 1125 1098 nunc
1160 1117 1163 1124 ,

84 1151 113 1186 10
126 1138 244 1214 quidem
264 1138 332 1196 satis
352 1138 497 1214 intellego.
540 1137 581 1196 Ut
596 1138 674 1196 enirn
690 1138 725 1196 de
740 1138 851 1214 pictore
866 1138 1010 1214 scalptore
1026 1137 1125 1198 fictore

126 1238 182 1296 nisi
205 1236 306 1305 artifex
329 1237 462 1308 iudicare,
484 1235 524 1296 ita
545 1237 601 1296 nisi
622 1237 739 1312 sapiens
760 1254 822 1294 non
843 1245 940 1312 potest
960 1235 1125 1313 perspicere
1161 1235 1165 1239 ’

127 1336 296 1412 sapientam.
338 1334 489 1407 Quantum
510 1345 609 1393 tamen
633 1334 704 1392 mihi
729 1353 846 1395 cernere
868 1335 959 1407 datur,
981 1337 1072 1395 multa
1094 1335 1126 1394 in

126 1435 275 1510 Euphrate
290 1435 330 1494 sic
345 1436 474 1493 eminent
492 1445 519 1493 et
537 1435 660 1503 elucent,
675 1442 707 1490 ut
725 1434 908 1492 mediocriter
923 1452 1039 1511 quoque
1055 1433 1126 1492 doc-

127 1544 173 1592 tos
187 1533 335 1614 advertant
350 1543 379 1592 et
392 1533 535 1592 adiiciant.
574 1531 711 1606 Disputat
725 1531 864 1590 subtiliter
878 1533 1001 1608 g‘raviter
1015 1542 1127 1603 emate,

83 1649 112 1699 15
127 1623 290 1708 frequenter
300 1619 387 1691 etiam
398 1631 579 1689 Platonicam
593 1629 670 1687 illam
685 1630 889 1688 sublimitatem
904 1640 931 1688 et
945 1631 1126 1689 latitudinem

129 1731 247 1807 effingit.
278 1731 380 1789 Sermo
394 1739 438 1788 est
453 1731 591 1806 copiosus
605 1737 633 1787 et
647 1728 748 1799 varius,
761 1728 853 1788 dulcis
867 1729 897 1786 in
911 1729 1020 1804 primis,
1032 1739 1061 1787 et
1076 1729 1127 1804 qui

128 1838 323 1906 repugnantes
343 1847 460 1907 quoque
479 1829 566 1888 ducat
584 1827 710 1904 inpellat.
753 1829 803 1887 Ad
816 1828 874 1888 hoc
889 1828 1047 1905 proceritas
1061 1846 1125 1888 cor-

127 1929 215 2005 poris,
231 1928 337 1987 decora
353 1927 449 1998 facies
465 1925 607 1986 demissus
621 1925 750 2001 capilluS,
765 1926 870 2002 ingens
885 1933 914 1985 et
930 1927 1125 1999 cana'barba3

127 2043 202 2101 quae
217 2026 283 2085 licet
298 2026 414 2106 fortuita
427 2036 456 2084 et
469 2026 566 2086 inania
577 2035 721 2102 putentur,
733 2024 771 2082 illi
782 2034 881 2084 tamen
892 2025 1048 2102 plurimum
1058 2044 1127 2086 ven·

80 2143 114 2178 20
127 2125 265 2184 erationis
277 2125 439 2200 adquirunt.
470 2123 573 2182 Nullus
585 2123 687 2182 horror
697 2123 726 2180 in
738 2122 824 2193 cultu,
834 2122 913 2180 nulla
924 2123 1044 2194 tristitia,
1053 2123 1127 2191 mulf

127 2232 191 2282 turn
206 2224 379 2282 severitatis:
401 2223 555 2282 reverearis
570 2239 733 2292 occursum,
748 2211 809 2278 non
822 2220 1001 2280 reformides.
1041 2219 1127 2280 Vitae

128 2321 266 2380 sanctitas
281 2338 402 2392 summa,
419 2321 542 2381 comitas
555 2338 624 2396 par:
646 2321 801 2378 insectatur
814 2318 889 2389 vitia,
904 2336 966 2376 non
984 2317 1128 2390 homines,

127 2437 184 2478 nec
209 2420 332 2496 castigat
358 2429 496 2489 errantes,
525 2419 577 2478 sed
605 2418 749 2478 emendat.
794 2417 929 2494 Sequaris
957 2427 1127 2476 monentem

127 2528 254 2578 attentus
269 2528 297 2577 et
311 2517 444 2594 pendens
459 2527 487 2576 et
503 2517 670 2593 persuaderi
684 2517 744 2588 tibi,
760 2518 847 2577 etiam
862 2535 930 2576 cum
944 2516 1127 2594 persuaserit,

83 2635 112 2684 25
128 2617 239 2693 cupias
281 2616 345 2674 lam
359 2633 427 2674 vero
446 2615 526 2674 liberi
544 2626 609 2686 treS,
625 2616 684 2676 duo
701 2634 803 2687 mares,
819 2635 894 2692 quos
909 2615 1128 2692 diligentissime

127 2715 259 2774 instituit.
302 2715 391 2774 Socer
406 2715 563 2791 Pompeius
579 2714 717 2786 Iulianus,
733 2733 800 2774 cum
820 2724 915 2774 cetera
928 2715 986 2772 vita
1003 2713 1129 2781 tumrvel

21 2839 28 2854 ·
127 2813 186 2872 hoc
211 2831 272 2871 uno
296 2831 421 2890 magnus
442 2824 471 2872 et
492 2813 594 2882 clarus,
617 2814 698 2890 quod
722 2815 785 2890 ipse
805 2813 971 2891 provinciae
992 2813 1129 2888 princeps

127 2913 205 2970 inter
219 2911 371 2970 altissimas
389 2911 578 2970 condiciones
599 2929 739 2988 generum
759 2929 821 2970 non
842 2912 1002 2971 bonoribus
1024 2910 1128 2988 princi·

127 3029 209 3088 pem,
232 3010 284 3069 sed
308 3011 448 3086 sapientia
472 3010 566 3086 elegit.
609 3010 797 3086 Quamquam
819 3010 889 3087 quid
912 3030 969 3087 ego
990 3013 1072 3088 plura
1093 3009 1128 3068 de

10 3139 12 3144 ·
81 3131 115 3180 30
127 3112 199 3180 vtro,
215 3127 274 3186 quo
293 3109 363 3168 mihi
383 3109 438 3167 frui
457 3127 519 3168 non
538 3108 624 3168 licet?
646 3127 683 3168 an
697 3119 730 3167 ut
745 3111 840 3186 magis
854 3129 954 3186 angar,
969 3110 1049 3189 quod
1067 3125 1129 3167 non

126 3209 216 3268 licet?
258 3206 336 3265 Nam
356 3207 511 3282 distringor
529 3207 626 3267 officio
645 3216 677 3266 ut
697 3208 827 3266 maximo
847 3209 888 3268 sic
906 3208 1131 3268 molestissimo.-

127 3307 221 3366 sedeo
235 3323 289 3382 pro
304 3306 446 3376 tribunali,
465 3306 591 3363 subnoto
611 3305 732 3377 libellos,
751 3308 907 3366 conficiot
896 3307 1015 3379 tabulas,
1034 3307 1132 3366 scribo

126 3405 279 3483 plurimas,
295 3404 346 3463 sed
360 3369 616 3482 inlitteratissimpl
621 3404 736 3464 litteras.
780 3403 867 3464 Soleo
887 3425 949 3464 non
968 3423 1130 3482 numquam

128 3501 215 3583 (nam
240 3503 391 3579 idipsum
416 3502 534 3579 quando
559 3499 732 3581 contingitl)
759 3503 794 3563 de
819 3505 864 3564 his
889 3505 1132 3580 occupationibus

78 3621 113 3672 35
128 3602 211 3682 apud
231 3601 400 3679 Euphraten
421 3601 509 3680 queri.
552 3599 604 3660 llle
625 3618 672 3658 me
692 3601 868 3675 consolatur,
890 3603 1022 3664 adfirmat
1043 3604 1131 3662 etiam
