2646 3914
209 161 370 211 LETTERS
393 163 436 210 OF
459 163 487 212 0.
504 160 651 210 PLINIUS
672 159 858 214 CAECILIUS
880 159 1071 208 SECUNDUS.
1103 157 1144 230 35

151 322 239 381 candi
259 340 355 394 causa,
371 322 422 382 sed
441 322 585 393 studendi,
601 321 696 381 statim
711 339 729 380 a
746 331 832 379 noete
853 320 950 391 multa,
965 319 1061 378 hieme
1075 335 1145 376 vero

152 422 190 479 ab
210 421 283 479 hora
304 423 435 498 septima,
457 422 501 479 vel
526 439 592 479 eum
623 421 793 492 tardissime,
815 430 925 491 octava,
947 437 1034 494 saepe
1056 429 1145 476 sexta.

112 541 142 588 30
151 519 222 578 Erat
250 539 321 580 sane
350 521 445 579 somni
473 520 653 596 paratissimi,
682 537 743 577 non
771 537 931 595 numquam
960 519 1046 576 etiam
1074 518 1146 574 inter

150 619 215 694 ipsa
243 620 337 678 studia
364 620 495 677 instantis
522 628 551 677 et
579 618 745 677 deserentis.
796 618 872 675 Ante
900 617 993 674 iucem
1022 617 1081 673 ibat
1109 614 1147 672 ad

151 715 365 792 Vespasianum
384 718 585 792 imperatorem
600 716 681 796 (narn
700 716 745 774 ille
760 733 876 792 quoque
896 715 1029 773 noctibus
1049 714 1147 771 uteba·

151 813 218 894 tur),
240 815 307 874 inde
336 815 373 873 ad
402 815 566 890 delegatum
595 816 648 875 sibi
669 815 806 874 officium.
849 814 995 872 Reversus
1016 815 1146 880 domurn,

152 913 233 990 quod
261 914 402 989 reliquum
430 915 578 990 temporis,
608 915 710 972 studiis
742 914 891 972 reddebat.
944 912 1014 970 Post
1049 912 1147 970 cibum

111 1032 142 1080 35
153 1029 249 1086 saepe,
285 1029 373 1088 quern
407 1013 529 1070 interdiu
563 1012 656 1071 levem
691 1022 720 1071 et
754 1012 869 1070 facilem
902 1021 1030 1070 veterum
1065 1027 1147 1066 more

153 1111 294 1178 sumebat,
309 1119 425 1181 aestate,
441 1111 535 1186 siquid
554 1111 611 1181 otii,
628 1112 741 1168 iacebat
762 1111 792 1168 in
812 1111 882 1182 sole,
898 1111 969 1168 liber
990 1110 1146 1184 legebatur,

153 1208 312 1266 adnotabat
346 1211 584 1284 excerpebatque.
641 1209 720 1266 Nihil
755 1209 834 1267 enim
868 1209 937 1285 legit
971 1207 1051 1284 quod
1085 1226 1146 1266 non

153 1317 338 1382 excerperet:
371 1305 466 1366 dicere
489 1310 575 1366 etiam
604 1308 715 1366 solebat
743 1309 854 1366 nullum
878 1327 942 1367 esse
963 1308 1066 1365 librum
1087 1317 1147 1364 tam

153 1404 271 1474 malum,
286 1414 317 1462 ut
332 1423 392 1463 non
407 1405 502 1482 aliqua
522 1416 601 1482 parte
621 1406 780 1481 prodesset.
824 1407 893 1464 Post
914 1407 1005 1464 solem
1022 1405 1147 1481 plerum-

18 1519 19 1530 *
110 1523 144 1570 40
153 1519 210 1578 que
232 1502 335 1579 frigida
355 1504 519 1583 lavabatur:
543 1505 647 1563 deinde
669 1509 803 1580 gustabat
824 1506 1043 1580 dormiebatque
1065 1504 1175 1598 mini-'v

153 1618 254 1659 mum:
276 1618 346 1660 mox
361 1604 443 1678 quasi
458 1604 515 1661 alio
529 1603 574 1662 die
590 1604 723 1662 studebat
737 1604 767 1661 in
782 1623 872 1662 cenae
889 1615 1012 1679 tempus.
1055 1601 1149 1679 Super

152 1697 230 1756 hanc
250 1698 321 1756 liber
342 1699 497 1775 legebatur,
519 1701 718 1770 adnotabatur,
740 1711 768 1760 et
789 1703 906 1778 quidem
927 1700 1040 1759 cursim.
1082 1699 1148 1758 Me-

153 1797 226 1856 mini
250 1797 397 1873 quendam
420 1817 456 1856 ex
484 1800 591 1869 amicis,
614 1817 681 1858 curn
706 1800 798 1858 lector
825 1799 968 1875 quaedam
995 1817 1148 1874 perperam

154 1897 377 1972 pronuntiasset,
398 1916 548 1956 revocasse
571 1908 599 1956 et
619 1899 710 1973 repeti
732 1898 952 1975 coegissehuic
973 1897 1148 1956 avunculum

110 2011 143 2060 45
154 2011 253 2051 meum
282 1994 388 2054 dixisse
417 1996 613 2056 ‘intellexeras
642 1995 779 2072 nempe?'
816 2015 883 2056 cum
914 1997 960 2056 ille
993 1994 1148 2065 adnuisset,

154 2097 225 2150 ‘cur
245 2110 316 2168 ergo
335 2094 512 2152 revocabas?
534 2095 636 2154 decern
657 2095 779 2172 amplius
799 2113 897 2154 versus
919 2095 974 2154 hac
994 2104 1043 2153 tua
1064 2094 1148 2152 inter-

154 2189 311 2266 pellatione
343 2190 535 2266 perdidimus!
571 2191 683 2252 'Tanta
711 2204 771 2251 erat
798 2193 973 2269 parsimonia
1000 2191 1147 2268 temporis

78 2333 80 2340 .
156 2287 299 2364 Surgebat
320 2299 427 2348 aestate
449 2309 466 2348 a
487 2309 559 2348 cena
579 2290 651 2362 luce,
673 2290 768 2350 hieme
796 2292 871 2348 intra
897 2291 1020 2366 primam
1045 2288 1147 2360 noctis

155 2395 185 2444 et
199 2395 349 2463 tamquam
363 2388 458 2464 aliqua
476 2389 541 2464 lege
556 2401 687 2464 cogente.
723 2389 807 2447 Haec
821 2389 893 2446 inter
908 2387 1020 2446 medios
1034 2386 1149 2444 labores

113 2513 146 2564 50
156 2485 292 2560 urbisque
306 2484 459 2545 fremitum.
501 2487 537 2544 In
552 2505 668 2546 secessu
683 2488 777 2546 solum
791 2487 896 2545 balinei
915 2496 1030 2561 tempus
1049 2485 1149 2544 studiis

156 2585 355 2642 eximebatur:
377 2604 445 2644 cum
462 2586 528 2645 dico
546 2585 660 2659 balinei,
678 2587 714 2646 de
735 2587 916 2644 interioribus
938 2585 1058 2661 loquor,
1081 2603 1150 2642 narn

156 2683 227 2741 dum
249 2682 433 2758 destringitur
454 2685 638 2762 tergiturque,
661 2686 795 2744 audiebat
816 2684 924 2760 aliquid
945 2693 994 2742 aut
1016 2682 1148 2742 dictabat.

155 2780 193 2839 ln
214 2781 314 2838 itinere
336 2782 419 2856 quasi
439 2781 547 2842 solutus
569 2784 669 2842 ceteris
691 2785 765 2843 curis
785 2783 850 2841 huie
877 2783 928 2840 uni
948 2783 1083 2841 vacabat:
1112 2782 1150 2841 ad

155 2881 229 2938 latus
249 2881 377 2939 notarius
396 2899 462 2939 curn
482 2881 554 2940 libro
575 2894 605 2941 etv
622 2882 815 2958 pugillaribus,
834 2882 914 2940 cuius
932 2900 1036 2940 manus
1055 2881 1149 2939 hieme

114 3001 145 3050 55
156 2980 278 3038 manicis
306 2981 517 3052 muniebantur,
539 2992 570 3039 ut
597 3000 634 3039 ne
656 2981 727 3040 caeli
750 2980 867 3056 quidem
895 2982 1032 3056 asperitas
1059 2979 1150 3038 ullum

157 3078 258 3138 studiis
277 3087 392 3154 tempus
412 3079 547 3154 eriperet:
573 3098 630 3155 qua
649 3097 684 3136 ex
704 3097 790 3137 causa
810 3078 924 3138 Romae
943 3096 1059 3155 quoque
1081 3078 1150 3136 sella

156 3177 320 3235 vehebatur.
363 3175 478 3252 Repeto
499 3195 547 3235 me
569 3188 732 3253 correptum
761 3180 798 3236 ab
819 3197 854 3236 eo
876 3197 927 3237 cur
955 3176 1149 3237 ambularem:

157 3273 303 3352 ‘poteras'
317 3275 409 3351 inquit
425 3275 492 3333 ‘has
513 3274 599 3334 horas
619 3295 679 3335 non
698 3277 818 3352 perdere
827 3277 848 3350 ;'
870 3295 939 3336 narn
953 3277 1046 3353 perire
1060 3292 1149 3337 omne

157 3385 273 3450 tempus
294 3374 489 3446 arbitrabatur,
511 3374 590 3449 quod
611 3375 711 3433 studiis
736 3392 797 3433 non
818 3375 1040 3451 impenderetur.
1082 3373 1149 3434 Hac

19 3491 21 3496 ’
115 3489 149 3540 ⁶0
158 3473 319 3531 intentione
338 3482 381 3531 tot
398 3473 452 3531 ista
470 3472 617 3533 volumina
636 3473 747 3549 peregit
766 3473 980 3548 electorumque
999 3491 1150 3533 commen-

159 3570 247 3630 tarios
287 3581 403 3630 centum
443 3572 592 3649 sexaginta
635 3569 705 3628 rnibi
747 3570 867 3648 reliquit,
905 3569 1151 3650 opisthographos

632 3687 683 3729 oa
