2646 3914
181 160 341 210 lETTERS
364 162 408 210 OF
430 162 459 210 0.
475 160 621 210 PLINIUS
643 158 830 208 CAECILIUS
851 158 1041 208 SECUNDUS.
1086 157 1127 226 27

125 321 317 398 purissimum
335 321 428 380 solem
443 320 573 380 continet
587 330 617 380 et
631 320 771 380 accendit.
813 318 883 380 Hoc
897 318 1125 386 hibemaeulum.

127 419 187 480 hoc
209 421 296 479 etiam
314 420 499 497 gymnasium
520 439 653 479 meomm
674 429 737 481 est:
765 421 805 478 ibi
824 439 927 480 omnes
946 420 1029 494 silent
1049 417 1126 476 venti

127 520 257 596 exceptis
278 521 327 597 qui
345 521 476 579 nubilum
494 521 637 580 inducunt
652 530 681 579 et
697 539 831 580 serenum
850 530 917 580 ante
934 539 1023 597 quam
1041 537 1127 578 usum

127 617 186 678 loci
222 620 355 696 eripiunt.
396 620 567 680 Adnectitur
598 619 705 696 angulo
742 620 906 677 cubiculum
940 620 972 677 in
1005 617 1128 694 hapsida

84 725 288 790 recurvatum,
314 717 393 794 quod
418 719 558 778 ambitum
584 719 653 778 solis
675 717 807 777 fenestris
831 718 967 776 omnibus
992 717 1128 793 sequitur.

129 815 236 876 Parieti
256 817 318 876 eius
338 816 370 874 in
388 816 581 876 bibliothecae
603 817 731 893 speciem
752 815 905 876 armarium
920 817 1060 875 insertum
1074 823 1127 885 est,

115 913 211 991 'quod
232 932 294 973 non
314 914 456 991 legendos
471 916 569 986 libros,
587 916 639 974 sed
660 915 831 974 lectitandos
853 914 938 991 capit.
980 913 1129 973 Adhaeret

129 1013 332 1072 dormitorium
351 1015 516 1072 membrum
540 1014 662 1072 transitu
682 1014 876 1086 interiacente,
898 1014 947 1090 qui
969 1029 1128 1088 suspensus

129 1123 160 1172 et
178 1113 323 1172 tubulatus
346 1124 521 1190 conceptum
535 1130 674 1189 vaporem
693 1113 799 1172 salubri
820 1121 1049 1188 temperamento
1070 1109 1128 1170 huc

80 1230 116 1277 40
129 1210 197 1271 illuc
212 1211 315 1288 digerit
329 1222 358 1270 et
372 1211 523 1270 ministrat.
554 1211 677 1288 Reliqua
691 1229 757 1288 pars
772 1210 867 1270 lateris
881 1209 966 1269 huius
980 1227 1128 1268 servorum

128 1310 356 1387 libertorumque
379 1311 480 1369 usibus
509 1309 658 1381 detinetur,
687 1309 832 1387 plerisque
860 1319 920 1367 tam
947 1308 1073 1379 mundis,
1097 1316 1129 1366 ut

130 1410 263 1486 accipere
288 1409 418 1486 hospites
442 1409 564 1486 possint.
616 1409 663 1467 Ex
691 1409 748 1467 alio
776 1409 863 1467 latere
892 1407 1056 1467 cubiculum
1085 1416 1129 1466 est

129 1508 351 1584 politissimum
388 1508 493 1566 deinde
519 1508 565 1566 vel
600 1507 765 1567 cubiculum
797 1506 908 1582 grande
936 1506 981 1564 vel
1015 1505 1130 1564 modica

131 1607 255 1678 cenati0,
276 1625 351 1684 quae
373 1606 497 1683 plurimo
517 1606 586 1676 sole,
608 1606 733 1681 plurimo
752 1604 824 1661 mari
845 1604 937 1675 lucet:
966 1612 1033 1678 post
1054 1603 1130 1662 hane

83 1720 115 1770 45
131 1705 296 1764 cubiculum
316 1722 383 1763 curn
405 1713 592 1781 procoetone,
613 1702 760 1761 altitudine
782 1703 928 1772 aestivum,
943 1701 1130 1759 munimentis

130 1803 303 1862 hibernum:
340 1811 383 1861 est
414 1803 493 1861 enim
528 1802 700 1861 subductum
735 1801 870 1859 omnibus
898 1799 997 1858 ventis
1050 1798 1130 1858 Huic

131 1902 265 1960 cubiculo
295 1900 373 1959 aliud
400 1910 429 1960 et
455 1911 616 1977 procoeton
644 1899 794 1958 communi
823 1898 931 1974 pariete
962 1897 1131 1973 iunguntur.

132 2001 207 2059 Inde
238 2000 345 2058 balinei
375 1999 446 2058 cella
474 1999 621 2076 frigidaria
650 1989 778 2074 spatiosa
805 2006 834 2055 et
861 1996 961 2068 effusa,
990 1996 1072 2054 cuius
1100 1994 1130 2053 in

132 2098 282 2157 contrariis
307 2098 463 2174 parietibus
486 2097 545 2156 duo
569 2097 737 2173 baptisteria
757 2097 834 2154 velut
857 2095 948 2154 eiecta
972 2095 1130 2165 sinuantur,

85 2220 119 2270 50
132 2197 249 2256 abunde
284 2196 413 2272 capacia,
442 2197 466 2256 si
494 2214 574 2254 mare
601 2196 632 2253 in
666 2196 801 2272 proximo
829 2195 951 2269 cogites.
1007 2193 1131 2252 Adiacet

131 2296 305 2366 unctorium,
333 2294 544 2370 hypocauston,
573 2293 684 2352 adiacet
712 2292 898 2368 propnigeon
921 2291 1035 2362 balinei,
1060 2309 1131 2350 mox

132 2396 208 2455 duae
233 2395 322 2454 cellae
347 2396 440 2470 magis
467 2393 615 2469 elegantes
644 2409 732 2468 quam
761 2400 965 2466 sumptuosae:
995 2390 1132 2448 cohaeret

132 2493 226 2553 calida
240 2494 352 2569 piscina
370 2493 498 2565 mirifica,
514 2511 550 2550 ex
569 2509 627 2568 qua
645 2499 780 2550 natantes
794 2507 874 2548 mare
892 2488 1052 2566 aspiciunt;
1075 2507 1131 2548 nec

131 2592 236 2669 procul
260 2592 503 2668 sphaeristerium,
526 2590 606 2667 quod
630 2589 806 2648 calidissimo
834 2588 889 2647 soli
912 2587 1049 2646 inclinato
1072 2587 1131 2646 iam

85 2710 118 2761 55
133 2693 181 2751 die
212 2691 344 2750 occurrit.
385 2689 445 2748 Hic
475 2690 559 2749 turris
581 2691 706 2766 erigitur,
734 2690 790 2748 sub
820 2706 879 2764 qua
907 2687 1018 2746 diaetae
1048 2685 1131 2757 duae,

132 2790 256 2849 totidem
280 2789 311 2846 in
333 2789 404 2866 ipsa,
427 2797 577 2864 praeterea
599 2790 720 2860 cenatio,
746 2806 821 2863 quae
845 2785 1016 2845 latissimum
1040 2804 1130 2855 mare,

132 2889 337 2965 longissimum
351 2887 426 2959 litus,
441 2887 521 2946 villas
541 2886 761 2946 amoenissimas
776 2885 923 2962 prospicit.
967 2883 1022 2944 Est
1036 2892 1064 2942 et
1078 2884 1133 2942 alia

133 2988 236 3048 turris:
265 2987 296 3045 in
317 2985 372 3045 hac
393 2986 567 3056 cubiculum,
581 2986 611 3043 in
634 3003 693 3063 quo
715 2984 759 3043 sol
780 2983 906 3043 nascitur
924 2982 1132 3058 conditurque:

132 3087 192 3148 lata
215 3097 283 3164 post
306 3085 449 3163 apotheca
473 3095 501 3145 et
525 3085 678 3144 horreum:
707 3084 761 3141 sub
786 3081 844 3140 hoc
867 3082 1029 3153 triclinium,
1052 3078 1134 3156 quod

87 3199 120 3248 60
133 3187 239 3246 turbati
260 3186 347 3243 maris
368 3203 430 3244 non
451 3185 506 3241 nisi
527 3183 672 3259 fragorem
693 3191 722 3240 et
743 3199 849 3240 sonum
873 3180 985 3256 patitur,
1008 3195 1133 3254 eumque
1241 3221 1244 3229 .

133 3286 194 3344 iam
207 3283 377 3360 languidum
392 3302 426 3343 ac
441 3283 638 3353 desinentem3
660 3279 776 3339 hortum
795 3291 824 3339 et
841 3280 1033 3356 gestationem
1047 3278 1134 3348 videt,

134 3401 194 3461 qua
207 3383 309 3442 hortus
323 3381 484 3440 includitur.
514 3379 645 3438 Gestatio
659 3379 738 3438 buxo
752 3390 802 3438 aut
812 3398 877 3438 rore
891 3379 1011 3448 marino,
1023 3377 1073 3435 ubi
1084 3377 1135 3435 de·

134 3483 195 3542 ficit
208 3483 311 3552 buxus,
326 3479 466 3540 ambitur:
487 3495 556 3537 nam
570 3477 674 3548 buxus
690 3496 748 3554 qua
765 3489 846 3554 parte
867 3476 1029 3537 defenditur
1043 3475 1135 3546 tectis,

134 3580 252 3642 abunde
274 3581 362 3654 viret;
386 3587 487 3656 aperto
510 3578 591 3638 caelo
615 3588 773 3654 apertoque
794 3584 881 3635 vento
904 3585 932 3634 et
956 3589 1135 3654 quamquam
