2662 3914
182 160 341 210 LETTERS
365 163 461 240 OEDC.
476 167 625 213 PLINIUS
648 167 834 216 CAECILIUS
854 169 1048 216 SECUNDUS.
1097 174 1157 236 109

153 318 325 394 innoxium3
356 323 436 400 quod
456 325 553 400 ipsum
567 323 662 384 facere
681 323 790 385 desisse
811 334 878 403 post
899 326 1025 385 edictum
1046 345 1155 398 meum,

154 436 214 492 quo
236 420 397 480 secundum
418 421 557 486 mandata
578 433 628 481 tua
648 423 788 482 hetaerias
810 443 873 484 esse
887 435 1042 484 vetueram.
1085 424 1156 496 Quo

154 518 249 591 magis
264 521 460 578 necessarium
475 520 583 579 credidi
597 539 635 579 ex
655 522 766 580 duabus
786 523 904 594 ancillis,
920 542 994 599 quae
1009 524 1155 581 ministrae
1197 597 1198 600 Ἴ
1244 539 1245 542 ’

106 635 140 683 40
155 614 331 686 dicebantur,
346 618 416 694 quid
434 629 511 678 esset
530 619 587 677 veri
608 629 636 677 et
654 639 706 696 per
723 629 874 684 tormenta,
888 641 1034 697 quaerere.
1077 621 1157 679 Nihil

154 714 232 772 aliud
246 716 342 775 inveni
356 735 444 795 quam
460 719 693 794 superstitionem
708 769 709 772 ,
729 738 827 778 ravam
841 720 1038 779 immodicam.
1052 699 1156 803 ss'deo

155 812 243 872 dilata
266 816 434 890 cognitione
460 817 497 874 ad
522 817 735 876 consulendum
760 798 792 876 te¹
812 818 969 878 decucurri.
1015 819 1088 878 Visa
1113 831 1157 878 est

155 912 233 968 enim
258 913 330 972 mihi
353 933 399 972 res
424 914 515 991 digna
538 915 759 987 consultatione,
782 918 909 976 maxime
935 927 1053 994 propter
1081 919 1157 994 peri·

156 1009 315 1070 clitantium
351 1031 513 1071 numerum.
567 1013 653 1072 Multi
689 1014 767 1072 enim
795 1017 891 1076 omnis
920 1017 1031 1086 aetatis,
1060 1017 1157 1074 omnis

107 1125 140 1174 45
155 1107 274 1180 ordinis,
300 1111 448 1187 utriusque
477 1130 563 1170 sexus
592 1113 687 1182 etiam,
717 1123 856 1171 vocantur
883 1115 913 1171 in
941 1114 1100 1192 periculum
1129 1125 1157 1172 et

155 1208 344 1281 vocabuntur.
387 1208 492 1286 Neque
515 1210 643 1268 civitates
665 1220 777 1268 tantum
798 1210 849 1269 sed
863 1213 942 1271 vicos
963 1213 1051 1270 etiam
1070 1222 1157 1288 atque

155 1325 241 1382 agros
277 1309 488 1386 superstitionis
515 1312 597 1369 istius
632 1312 770 1387 contagio
804 1323 959 1390 pervagata
987 1324 1030 1372 est
1037 1333 1046 1385 3
1081 1331 1157 1388 quae

155 1405 267 1464 videtur
280 1407 340 1466 sisti
355 1418 384 1466 et
398 1408 503 1484 corrigi
522 1427 619 1485 posse.
662 1408 748 1467 Certe
768 1411 836 1468 satis
858 1422 972 1470 constat
991 1431 1084 1488 prope
1098 1413 1157 1470 iam

156 1504 286 1563 desolata
314 1507 422 1583 templa
448 1508 580 1582 coepisse
604 1507 740 1565 celebrari
768 1516 797 1565 et
820 1525 902 1567 sacra
929 1511 1158 1591 sollemniaodiu

108 1615 142 1665 50
155 1603 318 1662 intermissa
337 1605 428 1680 repeti
449 1615 623 1682 pastumque
641 1604 738 1662 venire
759 1605 948 1677 victimarum,
964 1609 1046 1666 cuius
1061 1606 1157 1665 adhuc

155 1702 317 1761 rarissimus
337 1712 451 1778 emptor
470 1704 677 1761 inveniebatur.
718 1702 765 1760 Ex
786 1721 845 1780 quo
868 1704 950 1763 facile
972 1713 1016 1762 est
1035 1705 1158 1781 opinari,
1246 1772 1247 1775 Ἴ

156 1817 231 1874 quae
255 1802 338 1859 turba
361 1799 514 1858 hominurn
543 1799 689 1859 emendari
717 1801 818 1878 possit,
844 1802 867 1860 si
896 1803 931 1860 sit
959 1803 1155 1878 paenitentiae

155 1898 248 1957 locus,
944 1963 945 1966 ,
1152 1891 1203 1975 ῤ’

513 2065 559 2118 91.
604 2056 726 2136 (TRAI.
749 2057 811 2136 97.)

192 2197 282 2260 Trajan
299 2213 420 2262 approves
436 2197 465 2245 oi
479 2195 572 2260 Pliny's
586 2197 700 2246 conduct.
734 2197 788 2246 The
801 2197 937 2246 Christians
953 2215 994 2247 are
1010 2205 1036 2247 to
1050 2199 1082 2247 be
1097 2213 1158 2262 pun·

158 2279 228 2328 ished
244 2281 267 2328 it
280 2280 416 2335 convicted,
433 2280 478 2328 but
495 2279 553 2342 they
565 2295 606 2328 are
623 2285 667 2328 not
684 2285 711 2328 to
728 2281 759 2328 be
777 2279 868 2342 sought
885 2280 930 2336 lor,
948 2279 1006 2342 they
1022 2295 1064 2328 are
1082 2287 1108 2328 to
1126 2281 1158 2328 be

158 2363 285 2427 pardoned
296 2363 318 2411 ii
333 2363 391 2426 they
404 2361 519 2419 sacrifice,
530 2363 579 2410 and
590 2378 622 2411 no
635 2378 789 2426 anonymous
806 2362 895 2426 charge
906 2361 1003 2426 against
1015 2362 1082 2411 them
1094 2363 1115 2410 is
1131 2368 1159 2411 to

159 2445 329 2495 beadmitted.
398 2463 411 2518 2
457 2475 506 2522 t'l.
542 2459 577 2520 gy
604 2459 716 2559 ἃ(
758 2469 759 2472 “

523 2565 667 2605 TRAIANUS
688 2565 791 2606 PLINlO.

200 2685 308 2744 Actum
328 2706 416 2765 quem
438 2688 569 2761 debuisti,
589 2690 629 2747 mi
653 2689 795 2761 Secunde,
810 2690 841 2746 in
862 2687 1041 2746 excutiendis
1064 2690 1159 2748 causis

159 2801 261 2842 eorum
276 2786 325 2861 qui
340 2786 495 2845 Christiani
509 2787 547 2846 ad
561 2798 588 2846 te
604 2787 689 2846 delati
703 2787 815 2846 fuerant
835 2796 950 2845 secutus
970 2805 1010 2844 es
1053 2786 1158 2862 Neque

160 2881 281 2940 enimin
296 2877 461 2942 uhiversum
475 2884 583 2960 aliquid
598 2884 677 2961 quod
692 2884 774 2960 quasi
789 2893 897 2941 certam
912 2881 1039 2941 formam
1054 2883 1159 2942 habeat

159 2981 297 3038 constitui
308 2990 415 3057 potest.
443 2981 643 3058 Conquirendi
654 2985 715 3040 non
727 2990 804 3039 sunt:
825 2982 848 3040 si
861 2980 1022 3040 deierantur
1033 2991 1061 3039 et
1073 2999 1159 3057 argu-

130 3086 250 3150 5antur,
266 3080 405 3156 puniendi
421 3090 496 3150 sunt,
510 3082 549 3138 ita
566 3092 663 3140 tamen
683 3091 714 3137 ut
735 3081 785 3155 qui
807 3081 954 3155 negaverit
975 3099 1006 3138 se
1022 3079 1158 3136 Christia-

159 3195 230 3234 num
245 3197 310 3236 esse
321 3180 410 3255 idque
423 3180 529 3255 reipsa
542 3179 728 3238 manifestum
742 3177 849 3250 fecerit,
864 3179 894 3236 id
908 3187 951 3235 est
965 3176 1159 3251 supplicando

160 3276 204 3334 dis
232 3278 346 3350 nostris
370 3277 500 3353 quamvis
523 3287 677 3352 suspectus
705 3278 735 3334 in
760 3277 954 3353 praeteritum,
979 3275 1093 3332 veniam
1121 3294 1158 3334 ex

158 3375 336 3450 paenitentia
357 3376 497 3453 impetret.
540 3374 609 3433 Sine
630 3385 748 3434 auctore
768 3394 837 3435 vero
859 3374 999 3452 propositi
1020 3373 1106 3432 libelli
1128 3378 1158 3433 in

159 3473 239 3531 nullo
254 3475 373 3532 crimine
387 3474 485 3533 locum
499 3473 605 3532 habere
621 3474 735 3533 debent.
777 3473 857 3535 Nam
877 3485 905 3533 et
922 3473 1041 3549 pessimi
1060 3493 1158 3534 exem-

115 3587 146 3624 10
158 3571 199 3648 pli
214 3591 268 3631 nec
283 3574 374 3632 nostri
389 3572 496 3632 saeculi
510 3582 562 3631 est.
