<?xml version="1.0" encoding="UTF-8"?>
<!DOCTYPE html PUBLIC "-//W3C//DTD XHTML 1.0 Transitional//EN"
    "http://www.w3.org/TR/xhtml1/DTD/xhtml1-transitional.dtd">
<html xmlns="http://www.w3.org/1999/xhtml" xml:lang="en" lang="en">
 <head>
  <title>
</title>
<meta http-equiv="Content-Type" content="text/html;charset=utf-8" />
  <meta name='ocr-system' content='tesseract 3.04.00' />
  <meta name='ocr-capabilities' content='ocr_page ocr_carea ocr_par ocr_line ocrx_word'/>
</head>
<body>
  <div class='ocr_page' id='page_1' title='image "./selectedletters05plingoog_0091.png"; bbox 0 0 2646 3914; ppageno 0'>
   <div class='ocr_carea' id='block_1_1' title="bbox 190 136 913 218">
    <p class='ocr_par' dir='ltr' id='par_1_1' title="bbox 190 136 913 218">
     <span class='ocr_line' id='line_1_1' title="bbox 190 136 913 218; baseline 0 -20"><span class='ocrx_word' id='word_1_1' title='bbox 190 136 229 218; x_wconf 87' lang='lat'>78</span> <span class='ocrx_word' id='word_1_2' title='bbox 457 150 478 196; x_wconf 83' lang='lat' dir='ltr'><em>A</em></span> <span class='ocrx_word' id='word_1_3' title='bbox 505 149 700 198; x_wconf 79' lang='lat' dir='ltr'>saurcrrou</span> <span class='ocrx_word' id='word_1_4' title='bbox 719 151 822 198; x_wconf 74' lang='lat' dir='ltr'>oxon</span> <span class='ocrx_word' id='word_1_5' title='bbox 844 151 913 198; x_wconf 80' lang='lat' dir='ltr'>rua</span> 
     </span>
    </p>
   </div>
   <div class='ocr_carea' id='block_1_2' title="bbox 184 304 1314 873">
    <p class='ocr_par' dir='ltr' id='par_1_2' title="bbox 184 304 1314 873">
     <span class='ocr_line' id='line_1_2' title="bbox 186 304 1232 381; baseline 0.005 -21"><span class='ocrx_word' id='word_1_6' title='bbox 186 323 289 363; x_wconf 89' lang='lat' dir='ltr'>vocem</span> <span class='ocrx_word' id='word_1_7' title='bbox 310 323 413 380; x_wconf 83' lang='lat' dir='ltr'>pamm</span> <span class='ocrx_word' id='word_1_8' title='bbox 437 304 541 362; x_wconf 86' lang='lat' dir='ltr'>fortem</span> <span class='ocrx_word' id='word_1_9' title='bbox 566 305 596 361; x_wconf 90' lang='lat' dir='ltr'>in</span> <span class='ocrx_word' id='word_1_10' title='bbox 619 305 706 364; x_wconf 87' lang='lat' dir='ltr'>tantis</span> <span class='ocrx_word' id='word_1_11' title='bbox 726 305 860 381; x_wconf 88' lang='lat' dir='ltr'>periculis</span> <span class='ocrx_word' id='word_1_12' title='bbox 886 305 1036 374; x_wconf 85' lang='lat' dir='ltr'>excidisse,</span> <span class='ocrx_word' id='word_1_13' title='bbox 1060 304 1116 362; x_wconf 91' lang='lat' dir='ltr'>nisi</span> <span class='ocrx_word' id='word_1_14' title='bbox 1138 322 1188 362; x_wconf 91' lang='lat' dir='ltr'>me</span> <span class='ocrx_word' id='word_1_15' title='bbox 1201 312 1232 365; x_wconf 87' lang='lat'>70</span> 
     </span>
     <span class='ocr_line' id='line_1_3' title="bbox 184 404 1188 480; baseline 0 -20"><span class='ocrx_word' id='word_1_16' title='bbox 184 421 254 461; x_wconf 90' lang='lat' dir='ltr'>cum</span> <span class='ocrx_word' id='word_1_17' title='bbox 276 404 419 473; x_wconf 90' lang='lat' dir='ltr'>omnibus,</span> <span class='ocrx_word' id='word_1_18' title='bbox 442 405 540 461; x_wconf 90' lang='lat' dir='ltr'>omnia</span> <span class='ocrx_word' id='word_1_19' title='bbox 559 422 676 461; x_wconf 84' lang='lat' dir='ltr'>mecum</span> <span class='ocrx_word' id='word_1_20' title='bbox 698 405 791 480; x_wconf 89' lang='lat' dir='ltr'>perire</span> <span class='ocrx_word' id='word_1_21' title='bbox 813 405 929 474; x_wconf 87' lang='lat' dir='ltr'>misero,</span> <span class='ocrx_word' id='word_1_22' title='bbox 954 421 1064 480; x_wconf 85' lang='lat' dir='ltr'>magno</span> <span class='ocrx_word' id='word_1_23' title='bbox 1087 413 1188 461; x_wconf 90' lang='lat' dir='ltr'>tamen</span> 
     </span>
     <span class='ocr_line' id='line_1_4' title="bbox 187 501 1187 578; baseline 0.002 -20"><span class='ocrx_word' id='word_1_24' title='bbox 187 501 367 559; x_wconf 85' lang='lat' dir='ltr'>mortalitatis</span> <span class='ocrx_word' id='word_1_25' title='bbox 389 501 497 560; x_wconf 90' lang='lat' dir='ltr'>solacio</span> <span class='ocrx_word' id='word_1_26' title='bbox 519 503 715 562; x_wconf 86' lang='lat' dir='ltr'>credidissem.</span> <span class='ocrx_word' id='word_1_27' title='bbox 758 503 895 560; x_wconf 83' lang='lat' dir='ltr'>Tandem</span> <span class='ocrx_word' id='word_1_28' title='bbox 919 503 967 561; x_wconf 88' lang='lat' dir='ltr'>illa</span> <span class='ocrx_word' id='word_1_29' title='bbox 988 503 1082 578; x_wconf 86' lang='lat' dir='ltr'>caligo</span> <span class='ocrx_word' id='word_1_30' title='bbox 1105 512 1187 560; x_wconf 92' lang='lat' dir='ltr'>tenu-</span> 
     </span>
     <span class='ocr_line' id='line_1_5' title="bbox 186 599 1186 682; baseline 0.002 -26"><span class='ocrx_word' id='word_1_31' title='bbox 186 611 233 658; x_wconf 90' lang='lat' dir='ltr'>ata</span> <span class='ocrx_word' id='word_1_32' title='bbox 257 600 339 675; x_wconf 90' lang='lat' dir='ltr'>quasi</span> <span class='ocrx_word' id='word_1_33' title='bbox 362 601 393 657; x_wconf 91' lang='lat' dir='ltr'>in</span> <span class='ocrx_word' id='word_1_34' title='bbox 413 599 525 682; x_wconf 62' lang='lat' dir='ltr'>fumum</span> <span class='ocrx_word' id='word_1_35' title='bbox 544 602 717 659; x_wconf 84' lang='lat' dir='ltr'>nebulamve</span> <span class='ocrx_word' id='word_1_36' title='bbox 739 601 886 660; x_wconf 78' lang='lat' dir='ltr'>discessit:</span> <span class='ocrx_word' id='word_1_37' title='bbox 917 619 989 659; x_wconf 82' lang='lat' dir='ltr'>mox</span> <span class='ocrx_word' id='word_1_38' title='bbox 1011 601 1073 659; x_wconf 92' lang='lat' dir='ltr'>dies</span> <span class='ocrx_word' id='word_1_39' title='bbox 1094 618 1186 670; x_wconf 89' lang='lat' dir='ltr'>verus,</span> 
     </span>
     <span class='ocr_line' id='line_1_6' title="bbox 186 698 1185 775; baseline 0 -19"><span class='ocrx_word' id='word_1_40' title='bbox 186 699 230 756; x_wconf 92' lang='lat' dir='ltr'>sol</span> <span class='ocrx_word' id='word_1_41' title='bbox 254 699 341 756; x_wconf 89' lang='lat' dir='ltr'>etiam</span> <span class='ocrx_word' id='word_1_42' title='bbox 365 699 478 768; x_wconf 86' lang='lat' dir='ltr'>effulsit,</span> <span class='ocrx_word' id='word_1_43' title='bbox 504 699 612 757; x_wconf 90' lang='lat' dir='ltr'>luridus</span> <span class='ocrx_word' id='word_1_44' title='bbox 637 709 743 771; x_wconf 87' lang='lat' dir='ltr'>tamen,</span> <span class='ocrx_word' id='word_1_45' title='bbox 770 698 862 775; x_wconf 91' lang='lat' dir='ltr'>qualis</span> <span class='ocrx_word' id='word_1_46' title='bbox 885 717 959 770; x_wconf 90' lang='lat' dir='ltr'>esse,</span> <span class='ocrx_word' id='word_1_47' title='bbox 986 717 1053 757; x_wconf 90' lang='lat' dir='ltr'>eum</span> <span class='ocrx_word' id='word_1_48' title='bbox 1079 699 1185 768; x_wconf 88' lang='lat' dir='ltr'>deficit,</span> 
     </span>
     <span class='ocr_line' id='line_1_7' title="bbox 186 797 1314 873; baseline 0.001 -17"><span class='ocrx_word' id='word_1_49' title='bbox 186 798 266 856; x_wconf 86' lang='lat' dir='ltr'>solet</span> <span class='ocrx_word' id='word_1_50' title='bbox 303 797 504 856; x_wconf 84' lang='lat' dir='ltr'>Occursabant</span> <span class='ocrx_word' id='word_1_51' title='bbox 518 798 728 873; x_wconf 85' lang='lat' dir='ltr'>trepidantibus</span> <span class='ocrx_word' id='word_1_52' title='bbox 743 798 839 856; x_wconf 88' lang='lat' dir='ltr'>adhuc</span> <span class='ocrx_word' id='word_1_53' title='bbox 856 799 947 856; x_wconf 93' lang='lat' dir='ltr'>oculis</span> <span class='ocrx_word' id='word_1_54' title='bbox 962 807 1072 854; x_wconf 86' lang='lat' dir='ltr'>mutata</span> <span class='ocrx_word' id='word_1_55' title='bbox 1085 798 1187 855; x_wconf 87' lang='lat' dir='ltr'>omnia</span> <span class='ocrx_word' id='word_1_56' title='bbox 1198 804 1226 857; x_wconf 79' lang='lat'>75</span> <span class='ocrx_word' id='word_1_57' title='bbox 1313 821 1314 846; x_wconf 68' lang='lat' dir='ltr'>r</span> 
     </span>
    </p>
   </div>
   <div class='ocr_carea' id='block_1_3' title="bbox 183 895 1227 1564">
    <p class='ocr_par' dir='ltr' id='par_1_3' title="bbox 183 895 1227 1564">
     <span class='ocr_line' id='line_1_8' title="bbox 185 895 1186 973; baseline -0.002 -19"><span class='ocrx_word' id='word_1_58' title='bbox 185 896 302 973; x_wconf 89' lang='lat' dir='ltr'>altoque</span> <span class='ocrx_word' id='word_1_59' title='bbox 322 898 419 954; x_wconf 91' lang='lat' dir='ltr'>cinere</span> <span class='ocrx_word' id='word_1_60' title='bbox 440 907 590 972; x_wconf 88' lang='lat' dir='ltr'>tamquam</span> <span class='ocrx_word' id='word_1_61' title='bbox 611 899 675 955; x_wconf 90' lang='lat' dir='ltr'>nive</span> <span class='ocrx_word' id='word_1_62' title='bbox 696 897 832 955; x_wconf 89' lang='lat' dir='ltr'>obducta.</span> <span class='ocrx_word' id='word_1_63' title='bbox 875 896 1011 971; x_wconf 86' lang='lat' dir='ltr'>Regressi</span> <span class='ocrx_word' id='word_1_64' title='bbox 1035 895 1186 953; x_wconf 90' lang='lat' dir='ltr'>Misenum</span> 
     </span>
     <span class='ocr_line' id='line_1_9' title="bbox 184 996 1185 1072; baseline -0.002 -19"><span class='ocrx_word' id='word_1_65' title='bbox 184 998 288 1056; x_wconf 88' lang='lat' dir='ltr'>curatis</span> <span class='ocrx_word' id='word_1_66' title='bbox 308 1007 466 1072; x_wconf 89' lang='lat' dir='ltr'>utcumque</span> <span class='ocrx_word' id='word_1_67' title='bbox 487 997 655 1071; x_wconf 87' lang='lat' dir='ltr'>corporibus</span> <span class='ocrx_word' id='word_1_68' title='bbox 677 1014 849 1072; x_wconf 88' lang='lat' dir='ltr'>suspensam</span> <span class='ocrx_word' id='word_1_69' title='bbox 869 996 1046 1071; x_wconf 90' lang='lat' dir='ltr'>dubiamque</span> <span class='ocrx_word' id='word_1_70' title='bbox 1066 1003 1185 1052; x_wconf 88' lang='lat' dir='ltr'>noctem</span> 
     </span>
     <span class='ocr_line' id='line_1_10' title="bbox 183 1093 1186 1171; baseline -0.002 -19"><span class='ocrx_word' id='word_1_71' title='bbox 183 1114 237 1170; x_wconf 89' lang='lat' dir='ltr'>spe</span> <span class='ocrx_word' id='word_1_72' title='bbox 264 1114 298 1154; x_wconf 90' lang='lat' dir='ltr'>ac</span> <span class='ocrx_word' id='word_1_73' title='bbox 326 1106 406 1153; x_wconf 91' lang='lat' dir='ltr'>metu</span> <span class='ocrx_word' id='word_1_74' title='bbox 430 1096 588 1170; x_wconf 86' lang='lat' dir='ltr'>exegimus.</span> <span class='ocrx_word' id='word_1_75' title='bbox 629 1093 729 1153; x_wconf 88' lang='lat' dir='ltr'>Metus</span> <span class='ocrx_word' id='word_1_76' title='bbox 756 1095 956 1171; x_wconf 87' lang='lat' dir='ltr'>praevalebat:</span> <span class='ocrx_word' id='word_1_77' title='bbox 989 1111 1059 1150; x_wconf 89' lang='lat' dir='ltr'>nam</span> <span class='ocrx_word' id='word_1_78' title='bbox 1081 1103 1110 1150; x_wconf 92' lang='lat' dir='ltr'>et</span> <span class='ocrx_word' id='word_1_79' title='bbox 1130 1103 1186 1150; x_wconf 91' lang='lat' dir='ltr'>tre-</span> 
     </span>
     <span class='ocr_line' id='line_1_11' title="bbox 183 1191 1185 1269; baseline -0.003 -18"><span class='ocrx_word' id='word_1_80' title='bbox 183 1212 248 1251; x_wconf 91' lang='lat' dir='ltr'>mor</span> <span class='ocrx_word' id='word_1_81' title='bbox 268 1205 360 1251; x_wconf 88' lang='lat' dir='ltr'>terrae</span> <span class='ocrx_word' id='word_1_82' title='bbox 374 1195 583 1269; x_wconf 81' lang='lat' dir='ltr'>perseverabat,</span> <span class='ocrx_word' id='word_1_83' title='bbox 608 1204 637 1251; x_wconf 92' lang='lat' dir='ltr'>et</span> <span class='ocrx_word' id='word_1_84' title='bbox 654 1194 785 1269; x_wconf 91' lang='lat' dir='ltr'>plerique</span> <span class='ocrx_word' id='word_1_85' title='bbox 806 1193 946 1268; x_wconf 90' lang='lat' dir='ltr'>lymphati</span> <span class='ocrx_word' id='word_1_86' title='bbox 968 1191 1096 1250; x_wconf 87' lang='lat' dir='ltr'>terrificis</span> <span class='ocrx_word' id='word_1_87' title='bbox 1115 1193 1185 1248; x_wconf 87' lang='lat' dir='ltr'>vati-</span> 
     </span>
     <span class='ocr_line' id='line_1_12' title="bbox 183 1289 1227 1350; baseline -0.005 -2"><span class='ocrx_word' id='word_1_88' title='bbox 183 1292 376 1350; x_wconf 89' lang='lat' dir='ltr'>cinationibus</span> <span class='ocrx_word' id='word_1_89' title='bbox 405 1302 434 1350; x_wconf 89' lang='lat' dir='ltr'>et</span> <span class='ocrx_word' id='word_1_90' title='bbox 457 1311 508 1349; x_wconf 87' lang='lat' dir='ltr'>sua</span> <span class='ocrx_word' id='word_1_91' title='bbox 531 1301 560 1350; x_wconf 94' lang='lat' dir='ltr'>et</span> <span class='ocrx_word' id='word_1_92' title='bbox 587 1292 681 1350; x_wconf 87' lang='lat' dir='ltr'>aliena</span> <span class='ocrx_word' id='word_1_93' title='bbox 704 1291 781 1350; x_wconf 90' lang='lat' dir='ltr'>mala</span> <span class='ocrx_word' id='word_1_94' title='bbox 805 1291 1033 1349; x_wconf 89' lang='lat' dir='ltr'>ludificabantur.</span> <span class='ocrx_word' id='word_1_95' title='bbox 1088 1289 1184 1350; x_wconf 91' lang='lat' dir='ltr'>Nobis</span> <span class='ocrx_word' id='word_1_96' title='bbox 1194 1297 1227 1344; x_wconf 87' lang='lat'>80</span> 
     </span>
     <span class='ocr_line' id='line_1_13' title="bbox 183 1388 1184 1466; baseline -0.002 -18"><span class='ocrx_word' id='word_1_97' title='bbox 183 1400 281 1448; x_wconf 88' lang='lat' dir='ltr'>tamen</span> <span class='ocrx_word' id='word_1_98' title='bbox 310 1409 347 1447; x_wconf 92' lang='lat' dir='ltr'>ne</span> <span class='ocrx_word' id='word_1_99' title='bbox 370 1401 439 1448; x_wconf 89' lang='lat' dir='ltr'>tunc</span> <span class='ocrx_word' id='word_1_100' title='bbox 463 1390 586 1466; x_wconf 87' lang='lat' dir='ltr'>quidem,</span> <span class='ocrx_word' id='word_1_101' title='bbox 612 1408 790 1466; x_wconf 89' lang='lat' dir='ltr'>quamquam</span> <span class='ocrx_word' id='word_1_102' title='bbox 815 1399 843 1448; x_wconf 90' lang='lat' dir='ltr'>et</span> <span class='ocrx_word' id='word_1_103' title='bbox 871 1390 996 1464; x_wconf 84' lang='lat' dir='ltr'>expertis</span> <span class='ocrx_word' id='word_1_104' title='bbox 1023 1388 1184 1464; x_wconf 92' lang='lat' dir='ltr'>periculum</span> 
     </span>
     <span class='ocr_line' id='line_1_14' title="bbox 183 1487 1183 1564; baseline -0.001 -19"><span class='ocrx_word' id='word_1_105' title='bbox 183 1498 212 1545; x_wconf 87' lang='lat' dir='ltr'>et</span> <span class='ocrx_word' id='word_1_106' title='bbox 239 1489 466 1564; x_wconf 85' lang='lat' dir='ltr'>expectantibus,</span> <span class='ocrx_word' id='word_1_107' title='bbox 499 1489 625 1547; x_wconf 90' lang='lat' dir='ltr'>abeundi</span> <span class='ocrx_word' id='word_1_108' title='bbox 653 1489 813 1560; x_wconf 91' lang='lat' dir='ltr'>consilium,</span> <span class='ocrx_word' id='word_1_109' title='bbox 843 1489 938 1546; x_wconf 91' lang='lat' dir='ltr'>donec</span> <span class='ocrx_word' id='word_1_110' title='bbox 967 1488 1003 1545; x_wconf 86' lang='lat' dir='ltr'>de</span> <span class='ocrx_word' id='word_1_111' title='bbox 1039 1487 1183 1546; x_wconf 86' lang='lat' dir='ltr'>avunculo</span> 
     </span>
    </p>
   </div>
   <div class='ocr_carea' id='block_1_4' title="bbox 182 1569 1314 1668">
    <p class='ocr_par' dir='ltr' id='par_1_4' title="bbox 182 1569 1314 1668">
     <span class='ocr_line' id='line_1_15' title="bbox 182 1569 1314 1668; baseline -0.001 -24"><span class='ocrx_word' id='word_1_112' title='bbox 182 1588 310 1646; x_wconf 90' lang='lat' dir='ltr'>nuntius.</span> <span class='ocrx_word' id='word_1_113' title='bbox 356 1587 446 1647; x_wconf 83' lang='lat' dir='ltr'>Haec·</span> <span class='ocrx_word' id='word_1_114' title='bbox 468 1606 654 1664; x_wconf 90' lang='lat' dir='ltr'>nequaquam</span> <span class='ocrx_word' id='word_1_115' title='bbox 679 1587 797 1646; x_wconf 89' lang='lat' dir='ltr'>historia</span> <span class='ocrx_word' id='word_1_116' title='bbox 824 1586 913 1662; x_wconf 84' lang='lat' dir='ltr'>digna</span> <span class='ocrx_word' id='word_1_117' title='bbox 941 1604 1002 1643; x_wconf 89' lang='lat' dir='ltr'>non</span> <span class='ocrx_word' id='word_1_118' title='bbox 1023 1585 1183 1660; x_wconf 88' lang='lat' dir='ltr'>scripturus</span> <span class='ocrx_word' id='word_1_119' title='bbox 1210 1657 1215 1668; x_wconf 31' lang='grc' dir='ltr'>Ι</span> <span class='ocrx_word' id='word_1_120' title='bbox 1313 1569 1314 1604; x_wconf 65' lang='lat'>³</span> 
     </span>
    </p>
   </div>
   <div class='ocr_carea' id='block_1_5' title="bbox 184 1683 1183 1763">
    <p class='ocr_par' dir='ltr' id='par_1_5' title="bbox 184 1683 1183 1763">
     <span class='ocr_line' id='line_1_16' title="bbox 184 1683 1183 1763; baseline -0.003 -20"><span class='ocrx_word' id='word_1_121' title='bbox 184 1686 263 1762; x_wconf 87' lang='lat' dir='ltr'>leges</span> <span class='ocrx_word' id='word_1_122' title='bbox 288 1696 317 1744; x_wconf 92' lang='lat' dir='ltr'>et</span> <span class='ocrx_word' id='word_1_123' title='bbox 341 1687 402 1757; x_wconf 92' lang='lat' dir='ltr'>tibi,</span> <span class='ocrx_word' id='word_1_124' title='bbox 424 1687 532 1744; x_wconf 91' lang='lat' dir='ltr'>scilicet</span> <span class='ocrx_word' id='word_1_125' title='bbox 554 1687 603 1763; x_wconf 93' lang='lat' dir='ltr'>qui</span> <span class='ocrx_word' id='word_1_126' title='bbox 626 1685 778 1762; x_wconf 90' lang='lat' dir='ltr'>requisisti,</span> <span class='ocrx_word' id='word_1_127' title='bbox 800 1683 962 1760; x_wconf 89' lang='lat' dir='ltr'>imputabis,</span> <span class='ocrx_word' id='word_1_128' title='bbox 985 1684 1009 1742; x_wconf 90' lang='lat' dir='ltr'>si</span> <span class='ocrx_word' id='word_1_129' title='bbox 1031 1684 1120 1758; x_wconf 85' lang='lat' dir='ltr'>digna</span> <span class='ocrx_word' id='word_1_130' title='bbox 1144 1701 1183 1740; x_wconf 88' lang='lat' dir='ltr'>ne</span> 
     </span>
    </p>
   </div>
   <div class='ocr_carea' id='block_1_6' title="bbox 183 1775 1314 1861">
    <p class='ocr_par' dir='ltr' id='par_1_6' title="bbox 183 1775 1314 1861">
     <span class='ocr_line' id='line_1_17' title="bbox 183 1775 1314 1861; baseline -0.006 -17"><span class='ocrx_word' id='word_1_131' title='bbox 183 1786 305 1861; x_wconf 89' lang='lat' dir='ltr'>epistula</span> <span class='ocrx_word' id='word_1_132' title='bbox 319 1787 438 1861; x_wconf 89' lang='lat' dir='ltr'>quidem</span> <span class='ocrx_word' id='word_1_133' title='bbox 452 1785 632 1844; x_wconf 84' lang='lat' dir='ltr'>videbuntur.</span> <span class='ocrx_word' id='word_1_134' title='bbox 675 1783 757 1841; x_wconf 90' lang='lat' dir='ltr'>Vale.</span> <span class='ocrx_word' id='word_1_135' title='bbox 1192 1775 1223 1838; x_wconf 82' lang='lat'>⁸5</span> <span class='ocrx_word' id='word_1_136' title='bbox 1313 1823 1314 1830; x_wconf 49' lang='lat'>,</span> 
     </span>
    </p>
   </div>
   <div class='ocr_carea' id='block_1_7' title="bbox 493 2005 856 2085">
    <p class='ocr_par' dir='ltr' id='par_1_7' title="bbox 493 2005 856 2085">
     <span class='ocr_line' id='line_1_18' title="bbox 493 2005 856 2085; baseline -0.008 -19"><span class='ocrx_word' id='word_1_137' title='bbox 493 2015 547 2066; x_wconf 81' lang='lat'>62.</span> <span class='ocrx_word' id='word_1_138' title='bbox 591 2005 721 2082; x_wconf 86' lang='lat' dir='ltr'>(BOOK</span> <span class='ocrx_word' id='word_1_139' title='bbox 743 2009 770 2064; x_wconf 83' lang='lat'>6.</span> <span class='ocrx_word' id='word_1_140' title='bbox 795 2005 856 2085; x_wconf 79' lang='lat'>33.)</span> 
     </span>
    </p>
   </div>
   <div class='ocr_carea' id='block_1_8' title="bbox 180 2127 1181 2302">
    <p class='ocr_par' dir='ltr' id='par_1_8' title="bbox 180 2127 1181 2302">
     <span class='ocr_line' id='line_1_19' title="bbox 214 2127 1181 2224; baseline -0.003 -17"><span class='ocrx_word' id='word_1_141' title='bbox 214 2159 287 2224; x_wconf 86' lang='lat' dir='ltr'>Pliny</span> <span class='ocrx_word' id='word_1_142' title='bbox 297 2159 369 2208; x_wconf 90' lang='lat' dir='ltr'>sends</span> <span class='ocrx_word' id='word_1_143' title='bbox 386 2158 514 2206; x_wconf 90' lang='lat' dir='ltr'>Romanus</span> <span class='ocrx_word' id='word_1_144' title='bbox 530 2157 569 2206; x_wconf 93' lang='lat' dir='ltr'>his</span> <span class='ocrx_word' id='word_1_145' title='bbox 586 2127 744 2220; x_wconf 87' lang='lat' dir='ltr'>masterpiece</span> <span class='ocrx_word' id='word_1_146' title='bbox 762 2155 790 2202; x_wconf 92' lang='lat' dir='ltr'>os</span> <span class='ocrx_word' id='word_1_147' title='bbox 804 2161 911 2218; x_wconf 85' lang='lat' dir='ltr'>oratory,</span> <span class='ocrx_word' id='word_1_148' title='bbox 928 2155 967 2203; x_wconf 89' lang='lat' dir='ltr'>his</span> <span class='ocrx_word' id='word_1_149' title='bbox 984 2155 1072 2218; x_wconf 87' lang='lat' dir='ltr'>speech</span> <span class='ocrx_word' id='word_1_150' title='bbox 1089 2171 1121 2204; x_wconf 85' lang='lat' dir='ltr'>on</span> <span class='ocrx_word' id='word_1_151' title='bbox 1138 2157 1181 2204; x_wconf 91' lang='lat' dir='ltr'>be-</span> 
     </span>
     <span class='ocr_line' id='line_1_20' title="bbox 180 2236 1181 2302; baseline -0.006 -11"><span class='ocrx_word' id='word_1_152' title='bbox 180 2243 236 2291; x_wconf 86' lang='lat' dir='ltr'>half</span> <span class='ocrx_word' id='word_1_153' title='bbox 255 2242 284 2292; x_wconf 90' lang='lat' dir='ltr'>of</span> <span class='ocrx_word' id='word_1_154' title='bbox 303 2242 374 2289; x_wconf 87' lang='lat' dir='ltr'>Attia</span> <span class='ocrx_word' id='word_1_155' title='bbox 392 2240 495 2296; x_wconf 90' lang='lat' dir='ltr'>Viriola,</span> <span class='ocrx_word' id='word_1_156' title='bbox 520 2239 627 2302; x_wconf 88' lang='lat' dir='ltr'>uujustly</span> <span class='ocrx_word' id='word_1_157' title='bbox 649 2237 807 2287; x_wconf 89' lang='lat' dir='ltr'>disinherited</span> <span class='ocrx_word' id='word_1_158' title='bbox 829 2237 863 2300; x_wconf 85' lang='lat' dir='ltr'>by</span> <span class='ocrx_word' id='word_1_159' title='bbox 885 2237 926 2285; x_wconf 83' lang='lat' dir='ltr'>the</span> <span class='ocrx_word' id='word_1_160' title='bbox 949 2236 1066 2286; x_wconf 89' lang='lat' dir='ltr'>influence</span> <span class='ocrx_word' id='word_1_161' title='bbox 1089 2237 1119 2285; x_wconf 90' lang='lat' dir='ltr'>of</span> <span class='ocrx_word' id='word_1_162' title='bbox 1137 2237 1181 2286; x_wconf 90' lang='lat' dir='ltr'>her</span> 
     </span>
    </p>
   </div>
   <div class='ocr_carea' id='block_1_9' title="bbox 181 2325 339 2389">
    <p class='ocr_par' dir='ltr' id='par_1_9' title="bbox 181 2325 339 2389">
     <span class='ocr_line' id='line_1_21' title="bbox 181 2325 339 2389; baseline -0.013 -15"><span class='ocrx_word' id='word_1_163' title='bbox 181 2325 339 2389; x_wconf 89' lang='lat' dir='ltr'>stepmother.</span> 
     </span>
    </p>
   </div>
   <div class='ocr_carea' id='block_1_10' title="bbox 470 2439 891 2482">
    <p class='ocr_par' dir='ltr' id='par_1_10' title="bbox 470 2439 891 2482">
     <span class='ocr_line' id='line_1_22' title="bbox 470 2439 891 2482; baseline -0.007 0"><span class='ocrx_word' id='word_1_164' title='bbox 470 2443 495 2482; x_wconf 85' lang='lat' dir='ltr'>C.</span> <span class='ocrx_word' id='word_1_165' title='bbox 517 2441 631 2481; x_wconf 86' lang='lat' dir='ltr'><strong>PLINIUS</strong></span> <span class='ocrx_word' id='word_1_166' title='bbox 652 2441 773 2481; x_wconf 81' lang='lat' dir='ltr'><strong>ROMANO</strong></span> <span class='ocrx_word' id='word_1_167' title='bbox 795 2440 848 2480; x_wconf 90' lang='lat' dir='ltr'>SUO</span> <span class='ocrx_word' id='word_1_168' title='bbox 869 2439 891 2479; x_wconf 80' lang='lat' dir='ltr'>S.</span> 
     </span>
    </p>
   </div>
   <div class='ocr_carea' id='block_1_11' title="bbox 179 2569 1179 2945">
    <p class='ocr_par' dir='ltr' id='par_1_11' title="bbox 179 2569 1179 2945">
     <span class='ocr_line' id='line_1_23' title="bbox 223 2569 1062 2648; baseline -0.004 -15"><span class='ocrx_word' id='word_1_169' title='bbox 223 2574 347 2633; x_wconf 86' lang='lat' dir='ltr'>‘Tollite</span> <span class='ocrx_word' id='word_1_170' title='bbox 362 2573 479 2630; x_wconf 89' lang='lat' dir='ltr'>cuncta’</span> <span class='ocrx_word' id='word_1_171' title='bbox 494 2573 585 2648; x_wconf 90' lang='lat' dir='ltr'>inquit</span> <span class='ocrx_word' id='word_1_172' title='bbox 601 2577 796 2647; x_wconf 84' lang='lat' dir='ltr'>‘coeptusque</span> <span class='ocrx_word' id='word_1_173' title='bbox 811 2570 917 2629; x_wconf 87' lang='lat' dir='ltr'>auferte</span> <span class='ocrx_word' id='word_1_174' title='bbox 931 2569 1062 2630; x_wconf 62' lang='lat' dir='ltr'>labores?</span> 
     </span>
     <span class='ocr_line' id='line_1_24' title="bbox 182 2669 1179 2748; baseline -0.002 -18"><span class='ocrx_word' id='word_1_175' title='bbox 182 2672 241 2730; x_wconf 91' lang='lat' dir='ltr'>Seu</span> <span class='ocrx_word' id='word_1_176' title='bbox 270 2673 368 2730; x_wconf 90' lang='lat' dir='ltr'>scribis</span> <span class='ocrx_word' id='word_1_177' title='bbox 390 2671 497 2748; x_wconf 89' lang='lat' dir='ltr'>aliquid</span> <span class='ocrx_word' id='word_1_178' title='bbox 523 2691 574 2730; x_wconf 88' lang='lat' dir='ltr'>seu</span> <span class='ocrx_word' id='word_1_179' title='bbox 598 2671 679 2746; x_wconf 84' lang='lat' dir='ltr'>legis,</span> <span class='ocrx_word' id='word_1_180' title='bbox 706 2670 767 2728; x_wconf 92' lang='lat' dir='ltr'>tolli</span> <span class='ocrx_word' id='word_1_181' title='bbox 796 2669 898 2727; x_wconf 83' lang='lat' dir='ltr'>auferri</span> <span class='ocrx_word' id='word_1_182' title='bbox 926 2670 993 2728; x_wconf 91' lang='lat' dir='ltr'>iube</span> <span class='ocrx_word' id='word_1_183' title='bbox 1020 2680 1050 2727; x_wconf 93' lang='lat' dir='ltr'>et</span> <span class='ocrx_word' id='word_1_184' title='bbox 1078 2670 1179 2745; x_wconf 88' lang='lat' dir='ltr'>accipe</span> 
     </span>
     <span class='ocr_line' id='line_1_25' title="bbox 181 2765 1179 2846; baseline -0.002 -17"><span class='ocrx_word' id='word_1_185' title='bbox 181 2773 342 2830; x_wconf 88' lang='lat' dir='ltr'>orationem</span> <span class='ocrx_word' id='word_1_186' title='bbox 370 2791 476 2844; x_wconf 90' lang='lat' dir='ltr'>meam,</span> <span class='ocrx_word' id='word_1_187' title='bbox 504 2782 536 2829; x_wconf 91' lang='lat' dir='ltr'>ut</span> <span class='ocrx_word' id='word_1_188' title='bbox 562 2771 609 2828; x_wconf 86' lang='lat' dir='ltr'>illa</span> <span class='ocrx_word' id='word_1_189' title='bbox 643 2787 731 2838; x_wconf 89' lang='lat' dir='ltr'>arma,</span> <span class='ocrx_word' id='word_1_190' title='bbox 759 2768 885 2826; x_wconf 91' lang='lat' dir='ltr'>divinam</span> <span class='ocrx_word' id='word_1_191' title='bbox 914 2765 998 2846; x_wconf 90' lang='lat' dir='ltr'>(num</span> <span class='ocrx_word' id='word_1_192' title='bbox 1026 2769 1179 2843; x_wconf 89' lang='lat' dir='ltr'>superbius</span> 
     </span>
     <span class='ocr_line' id='line_1_26' title="bbox 179 2866 1178 2945; baseline -0.003 -17"><span class='ocrx_word' id='word_1_193' title='bbox 179 2871 305 2945; x_wconf 85' lang='lat' dir='ltr'>potui?)‚</span> <span class='ocrx_word' id='word_1_194' title='bbox 330 2889 360 2927; x_wconf 89' lang='lat' dir='ltr'>re</span> <span class='ocrx_word' id='word_1_195' title='bbox 382 2889 452 2928; x_wconf 89' lang='lat' dir='ltr'>vera</span> <span class='ocrx_word' id='word_1_196' title='bbox 475 2879 506 2928; x_wconf 95' lang='lat' dir='ltr'>ut</span> <span class='ocrx_word' id='word_1_197' title='bbox 526 2870 600 2926; x_wconf 88' lang='lat' dir='ltr'>inter</span> <span class='ocrx_word' id='word_1_198' title='bbox 620 2887 701 2927; x_wconf 90' lang='lat' dir='ltr'>meas</span> <span class='ocrx_word' id='word_1_199' title='bbox 723 2867 890 2943; x_wconf 89' lang='lat' dir='ltr'>pulchram:</span> <span class='ocrx_word' id='word_1_200' title='bbox 922 2885 991 2925; x_wconf 90' lang='lat' dir='ltr'>nam</span> <span class='ocrx_word' id='word_1_201' title='bbox 1016 2866 1085 2923; x_wconf 91' lang='lat' dir='ltr'>mihi</span> <span class='ocrx_word' id='word_1_202' title='bbox 1110 2867 1178 2925; x_wconf 88' lang='lat' dir='ltr'>satis</span> 
     </span>
    </p>
   </div>
   <div class='ocr_carea' id='block_1_12' title="bbox 180 2964 1302 3048">
    <p class='ocr_par' dir='ltr' id='par_1_12' title="bbox 180 2964 1302 3048">
     <span class='ocr_line' id='line_1_27' title="bbox 180 2964 1302 3048; baseline -0.008 -21"><span class='ocrx_word' id='word_1_203' title='bbox 180 2979 224 3027; x_wconf 86' lang='lat' dir='ltr'>est</span> <span class='ocrx_word' id='word_1_204' title='bbox 252 2976 360 3026; x_wconf 90' lang='lat' dir='ltr'>certare</span> <span class='ocrx_word' id='word_1_205' title='bbox 389 2987 511 3026; x_wconf 88' lang='lat' dir='ltr'>mecum.</span> <span class='ocrx_word' id='word_1_206' title='bbox 565 2967 620 3024; x_wconf 88' lang='lat' dir='ltr'>Est</span> <span class='ocrx_word' id='word_1_207' title='bbox 642 2967 714 3024; x_wconf 88' lang='lat' dir='ltr'>haec</span> <span class='ocrx_word' id='word_1_208' title='bbox 739 2983 793 3042; x_wconf 90' lang='lat' dir='ltr'>pro</span> <span class='ocrx_word' id='word_1_209' title='bbox 815 2965 896 3024; x_wconf 89' lang='lat' dir='ltr'>Attia</span> <span class='ocrx_word' id='word_1_210' title='bbox 918 2964 1036 3036; x_wconf 87' lang='lat' dir='ltr'>Viriola,</span> <span class='ocrx_word' id='word_1_211' title='bbox 1062 2973 1091 3022; x_wconf 92' lang='lat' dir='ltr'>et</span> <span class='ocrx_word' id='word_1_212' title='bbox 1116 2965 1203 3039; x_wconf 86' lang='lat' dir='ltr'>dig-5</span> <span class='ocrx_word' id='word_1_213' title='bbox 1298 3041 1302 3048; x_wconf 22' lang='grc' dir='ltr'><strong><em>ι</em></strong></span> 
     </span>
    </p>
   </div>
   <div class='ocr_carea' id='block_1_13' title="bbox 178 3064 1219 3638">
    <p class='ocr_par' dir='ltr' id='par_1_13' title="bbox 178 3064 1219 3638">
     <span class='ocr_line' id='line_1_28' title="bbox 180 3064 1178 3142; baseline -0.003 -17"><span class='ocrx_word' id='word_1_214' title='bbox 180 3068 268 3126; x_wconf 87' lang='lat' dir='ltr'>nitate</span> <span class='ocrx_word' id='word_1_215' title='bbox 296 3085 440 3142; x_wconf 88' lang='lat' dir='ltr'>personae</span> <span class='ocrx_word' id='word_1_216' title='bbox 466 3076 494 3124; x_wconf 92' lang='lat' dir='ltr'>et</span> <span class='ocrx_word' id='word_1_217' title='bbox 518 3065 644 3142; x_wconf 88' lang='lat' dir='ltr'>exempli</span> <span class='ocrx_word' id='word_1_218' title='bbox 668 3065 782 3123; x_wconf 88' lang='lat' dir='ltr'>raritate</span> <span class='ocrx_word' id='word_1_219' title='bbox 807 3073 835 3122; x_wconf 88' lang='lat' dir='ltr'>et</span> <span class='ocrx_word' id='word_1_220' title='bbox 857 3064 953 3123; x_wconf 87' lang='lat' dir='ltr'>iudicii</span> <span class='ocrx_word' id='word_1_221' title='bbox 977 3064 1178 3138; x_wconf 83' lang='lat' dir='ltr'>magnitudine</span> 
     </span>
     <span class='ocr_line' id='line_1_29' title="bbox 179 3161 1177 3242; baseline -0.004 -20"><span class='ocrx_word' id='word_1_222' title='bbox 179 3167 311 3242; x_wconf 87' lang='lat' dir='ltr'>insignis.</span> <span class='ocrx_word' id='word_1_223' title='bbox 353 3164 431 3222; x_wconf 92' lang='lat' dir='ltr'>Nam</span> <span class='ocrx_word' id='word_1_224' title='bbox 448 3164 556 3222; x_wconf 89' lang='lat' dir='ltr'>femina</span> <span class='ocrx_word' id='word_1_225' title='bbox 575 3163 726 3239; x_wconf 91' lang='lat' dir='ltr'>splendide</span> <span class='ocrx_word' id='word_1_226' title='bbox 748 3171 824 3233; x_wconf 86' lang='lat' dir='ltr'>nata,</span> <span class='ocrx_word' id='word_1_227' title='bbox 838 3171 929 3237; x_wconf 91' lang='lat' dir='ltr'>nupta</span> <span class='ocrx_word' id='word_1_228' title='bbox 947 3162 1092 3238; x_wconf 90' lang='lat' dir='ltr'>praetorio</span> <span class='ocrx_word' id='word_1_229' title='bbox 1107 3161 1177 3232; x_wconf 82' lang='lat' dir='ltr'>vire,</span> 
     </span>
     <span class='ocr_line' id='line_1_30' title="bbox 178 3260 1177 3337; baseline -0.007 -14"><span class='ocrx_word' id='word_1_230' title='bbox 178 3265 354 3324; x_wconf 84' lang='lat' dir='ltr'>exheredata</span> <span class='ocrx_word' id='word_1_231' title='bbox 375 3265 412 3320; x_wconf 83' lang='lat' dir='ltr'>ab</span> <span class='ocrx_word' id='word_1_232' title='bbox 433 3262 622 3337; x_wconf 86' lang='lat' dir='ltr'>octogenario</span> <span class='ocrx_word' id='word_1_233' title='bbox 643 3270 723 3337; x_wconf 89' lang='lat' dir='ltr'>patre</span> <span class='ocrx_word' id='word_1_234' title='bbox 742 3261 816 3318; x_wconf 86' lang='lat' dir='ltr'>intra</span> <span class='ocrx_word' id='word_1_235' title='bbox 837 3261 974 3318; x_wconf 89' lang='lat' dir='ltr'>undecim</span> <span class='ocrx_word' id='word_1_236' title='bbox 995 3260 1065 3330; x_wconf 73' lang='lat' dir='ltr'>dies</span> <span class='ocrx_word' id='word_1_237' title='bbox 1087 3277 1177 3335; x_wconf 91' lang='lat' dir='ltr'>quam</span> 
     </span>
     <span class='ocr_line' id='line_1_31' title="bbox 179 3357 1177 3437; baseline -0.006 -18"><span class='ocrx_word' id='word_1_238' title='bbox 179 3363 219 3420; x_wconf 91' lang='lat' dir='ltr'>illi</span> <span class='ocrx_word' id='word_1_239' title='bbox 246 3381 400 3422; x_wconf 88' lang='lat' dir='ltr'>novercam</span> <span class='ocrx_word' id='word_1_240' title='bbox 428 3379 528 3420; x_wconf 88' lang='lat' dir='ltr'>amore</span> <span class='ocrx_word' id='word_1_241' title='bbox 553 3369 655 3437; x_wconf 86' lang='lat' dir='ltr'>captus</span> <span class='ocrx_word' id='word_1_242' title='bbox 677 3359 837 3430; x_wconf 84' lang='lat' dir='ltr'>induxerat,</span> <span class='ocrx_word' id='word_1_243' title='bbox 862 3357 1041 3433; x_wconf 90' lang='lat' dir='ltr'>quadmplici</span> <span class='ocrx_word' id='word_1_244' title='bbox 1069 3357 1177 3416; x_wconf 92' lang='lat' dir='ltr'>iudicio</span> 
     </span>
     <span class='ocr_line' id='line_1_32' title="bbox 179 3455 1219 3538; baseline -0.003 -21"><span class='ocrx_word' id='word_1_245' title='bbox 179 3463 258 3519; x_wconf 90' lang='lat' dir='ltr'>bona</span> <span class='ocrx_word' id='word_1_246' title='bbox 285 3471 405 3538; x_wconf 90' lang='lat' dir='ltr'>paterna</span> <span class='ocrx_word' id='word_1_247' title='bbox 432 3461 587 3537; x_wconf 85' lang='lat' dir='ltr'>repetebat.</span> <span class='ocrx_word' id='word_1_248' title='bbox 644 3457 791 3518; x_wconf 88' lang='lat' dir='ltr'>Sedebant</span> <span class='ocrx_word' id='word_1_249' title='bbox 819 3464 939 3514; x_wconf 88' lang='lat' dir='ltr'>eentum</span> <span class='ocrx_word' id='word_1_250' title='bbox 971 3464 999 3512; x_wconf 90' lang='lat' dir='ltr'>et</span> <span class='ocrx_word' id='word_1_251' title='bbox 1026 3455 1177 3530; x_wconf 85' lang='lat' dir='ltr'>octoginta</span> <span class='ocrx_word' id='word_1_252' title='bbox 1188 3477 1219 3514; x_wconf 88' lang='lat'>10</span> 
     </span>
     <span class='ocr_line' id='line_1_33' title="bbox 178 3547 1177 3638; baseline -0.004 -24"><span class='ocrx_word' id='word_1_253' title='bbox 178 3557 286 3618; x_wconf 85' lang='lat' dir='ltr'>iudices</span> <span class='ocrx_word' id='word_1_254' title='bbox 319 3557 374 3638; x_wconf 79' lang='lat' dir='ltr'>(tot</span> <span class='ocrx_word' id='word_1_255' title='bbox 401 3560 479 3618; x_wconf 90' lang='lat' dir='ltr'>enim</span> <span class='ocrx_word' id='word_1_256' title='bbox 513 3567 649 3634; x_wconf 89' lang='lat' dir='ltr'>quattuor</span> <span class='ocrx_word' id='word_1_257' title='bbox 676 3555 803 3614; x_wconf 85' lang='lat' dir='ltr'>consiliis</span> <span class='ocrx_word' id='word_1_258' title='bbox 832 3547 1036 3628; x_wconf 84' lang='lat' dir='ltr'>colliguntur):</span> <span class='ocrx_word' id='word_1_259' title='bbox 1067 3554 1177 3628; x_wconf 87' lang='lat' dir='ltr'>ingens</span> 
     </span>
    </p>
   </div>
   <div class='ocr_carea' id='block_1_14' title="bbox 0 0 1328 3914">
    <p class='ocr_par' dir='ltr' id='par_1_14' title="bbox 0 0 1328 3914">
     <span class='ocr_line' id='line_1_34' title="bbox 0 0 1328 3914; baseline 0 2"><span class='ocrx_word' id='word_1_260' title='bbox 0 0 1328 3914; x_wconf 95' lang='lat' dir='ltr'> </span> 
     </span>
    </p>
   </div>
  </div>
 </body>
</html>
