2662 3914
203 161 364 211 narrans
387 163 433 212 or
454 165 648 214 c.r>c11vrus
671 163 857 214 canonius
879 164 1069 214 urrunnun.
1116 150 1157 232 89

151 331 180 380 et
194 323 291 382 forma
305 325 444 385 laudatur.
486 324 532 384 Ex
548 327 619 402 ipsis
637 326 732 397 etiam,
748 344 824 403 quos
838 343 900 384 non
914 344 982 396 una,
997 335 1029 384 ut
1044 323 1156 394 dicitur,

150 423 270 496 pertica,
287 423 339 482 sed
354 424 488 483 distincte
498 424 699 502 gradatimque
714 426 841 497 tractavi,
853 433 963 501 quanto
975 425 1039 501 quis
1053 423 1157 481 melior

104 541 139 589 30
152 530 180 578 et
195 521 323 596 probior,
335 530 416 580 tanto
431 522 503 580 mihi
517 523 672 598 obligatior
686 523 763 594 abiit,
775 533 910 599 expertus
923 541 986 581 non
1000 541 1063 582 esse
1077 521 1156 598 apud

151 636 201 676 me
215 621 243 675 ἐν
256 622 285 675 δὲ
299 622 323 690 ἰῇ
337 627 396 692 τιμῇ
412 620 475 693 ἦμέν
488 626 564 679 κακὸν
577 621 622 693 ἤθε’
636 625 677 678 καὶ
691 623 796 681 ἐσθλόν.
838 621 922 682 Vale.

488 810 533 864 τι.
577 801 707 882 (Boon
729 808 755 863 a.
780 802 820 883 4.)

186 929 258 994 Pliny
280 931 465 996 congratulates
488 932 606 982 Caninius
628 949 660 982 on
687 933 781 998 having
809 933 899 983 chosen
925 931 1036 996 Trajan's
1058 933 1155 981 Dacian

151 1015 297 1078 campaigns
314 1016 353 1064 for
369 1016 415 1065 the
427 1015 521 1078 subject
537 1015 608 1065 olan
624 1017 695 1081 epic;
716 1017 782 1066 hints
797 1025 823 1066 at
835 1018 877 1066 the
892 1015 1012 1079 difficulty
1026 1015 1055 1066 os
1068 1015 1156 1079 adapt-

150 1099 196 1160 ing
212 1098 254 1146 the
277 1099 391 1147 barbaric
407 1115 492 1148 names
514 1106 540 1148 to
557 1116 640 1158 verse;
664 1101 713 1149 and
730 1101 791 1164 begs
811 1101 865 1149 that
883 1100 926 1149 the
944 1100 1034 1148 author
1052 1097 1104 1147 will
1120 1098 1157 1146 let,

150 1180 204 1228 him
215 1197 254 1230 see
266 1182 406 1246 something
417 1181 446 1231 oi
453 1182 492 1231 his
504 1173 573 1233 vvorlr
585 1183 659 1233 while
671 1184 691 1232 it
702 1183 723 1232 is
734 1184 785 1233 still
795 1183 820 1232 in
832 1184 874 1233 the
886 1183 973 1247 rough.

446 1321 471 1362 C.
492 1322 604 1362 PLINIUS
625 1322 742 1363 CANINIO
763 1322 816 1364 SUO
837 1323 860 1363 S.

193 1416 313 1492 Optime
326 1417 399 1477 facis
419 1418 500 1494 quod
519 1420 627 1479 bellurn
640 1420 785 1479 Dacicum
800 1421 923 1479 scribere
938 1437 1032 1498 paras.
1075 1416 1153 1476 Nam

151 1534 227 1591 quae
251 1526 311 1575 tam
330 1536 439 1588 recens,
460 1528 520 1576 tam
543 1519 671 1594 copiosa,
692 1528 751 1576 tam
771 1519 837 1589 lata,
852 1537 927 1595 quae
947 1518 1072 1593 denique
1093 1527 1154 1574 tam

150 1614 268 1690 poetica
295 1625 324 1673 et
359 1633 538 1692 quamquam
573 1617 603 1674 in
630 1616 785 1675 verissimis
812 1617 899 1675 rebus
934 1625 994 1675 tam
1022 1615 1154 1674 fabulosa

149 1713 290 1772 materia?
331 1714 420 1773 Dices
441 1715 561 1774 inmissa
582 1715 664 1774 terris
686 1732 763 1774 nova
785 1715 914 1787 flumina,
931 1732 1024 1774 novos
1045 1725 1152 1790 pontes

121 1809 318 1871 5fluminibus
346 1813 476 1886 iniectos
501 1815 614 1874 insessa
642 1814 743 1873 castris
767 1813 911 1872 montium
934 1813 1066 1889 abrupta,
1088 1813 1153 1891 pul-

150 1926 217 1966 sum
244 1910 332 1986 regia,
360 1911 478 1987 pulsum
506 1914 593 1971 etiam
617 1913 674 1971 vita
701 1931 801 1988 regern
828 1912 899 1971 nihil
929 1911 1150 1989 desperantem

149 2023 237 2083 super
264 2008 337 2069 haec
365 2020 447 2069 actos
471 2012 516 2072 bis
540 2011 711 2088 triumphos,
737 2029 862 2086 quorum
887 2011 958 2069 alter
985 2030 1022 2069 ex
1046 2012 1152 2071 invicta

148 2116 238 2181 gente
265 2107 386 2182 primus,
414 2109 485 2167 alter
518 2110 692 2168 novissimus
721 2109 781 2168 fuit.
837 2108 914 2180 Una,
944 2109 996 2168 sed
1022 2111 1152 2168 maxima

150 2203 308 2275 difficultas,
335 2206 416 2282 quod
437 2207 510 2266 haec
532 2224 656 2283 aequare
679 2207 804 2266 dicendo
830 2208 952 2266 arduum
974 2209 1149 2277 inmensum,

104 2322 136 2357 ro
150 2302 237 2361 etiarn
265 2312 315 2363 tuo
344 2305 472 2381 ingenio,
498 2323 676 2382 quamquam
704 2306 841 2364 altissime
865 2307 1002 2382 adsurgat
1031 2316 1060 2374 et
1088 2324 1150 2363 am-

149 2400 287 2477 plissimis
312 2405 450 2480 operibus
471 2405 620 2463 increscat.
672 2402 743 2463 Non
765 2405 859 2463 nullus
882 2414 910 2463 et
935 2405 965 2462 in
987 2404 1035 2463 illo
1059 2405 1150 2474 labor,

148 2510 180 2558 ut
207 2501 330 2559 barbara
351 2511 380 2560 et
402 2502 463 2561 fera
485 2503 614 2573 nomina,
639 2503 670 2560 in
693 2503 793 2578 primis
816 2504 893 2579 regis
914 2504 1013 2580 ipsius,
1039 2506 1150 2580 graecis

149 2599 279 2658 versibus
300 2618 361 2659 non
382 2601 527 2660 resultent.
572 2602 632 2661 Sed
646 2601 716 2659 nihil
738 2612 782 2661 est
803 2603 883 2678 quod
904 2621 967 2661 non
989 2613 1048 2662 arte
1066 2622 1149 2663 cura-

149 2714 217 2772 que,
246 2699 270 2755 si
298 2716 360 2757 non
389 2710 485 2775 potest
509 2701 592 2771 vinci,
616 2700 772 2776 mitigetur.
828 2701 987 2772 Praeterea,
1016 2703 1041 2760 si
1069 2703 1152 2761 datur

102 2806 134 2856 Ι5
149 2795 284 2854 Homero
306 2805 336 2855 et
356 2798 456 2856 mollia
476 2798 618 2857 vocabula
644 2808 673 2857 et
694 2817 799 2874 graeca
824 2799 863 2857 ad
886 2799 1031 2859 levitatem
1051 2819 1150 2861 versus

149 2894 330 2966 contrahere,
355 2897 522 2968 extendere,
547 2897 702 2968 inflectere,
726 2915 778 2955 cur
803 2897 853 2954 tibi
878 2898 978 2957 similis
1006 2900 1150 2970 audentia,

148 2993 317 3069 praesertim
331 3012 392 3051 non
407 2994 529 3053 delicata
549 2996 601 3054 sed
618 2996 788 3066 necessaria,
804 3013 866 3054 non
880 2995 983 3056 detur?
1024 2997 1150 3056 Proinde

146 3092 208 3151 iure
242 3102 340 3151 vatum
375 3094 514 3152 invocatis
549 3094 593 3152 dis
625 3104 655 3153 et
681 3095 756 3153 inter
784 3094 856 3153 deos
883 3095 958 3171 ipso,
987 3097 1069 3155 cuius
1104 3114 1151 3154 res

147 3208 238 3266 opera
265 3192 387 3252 consilia
415 3193 543 3251 dicturus
572 3211 612 3264 es,
638 3193 761 3251 immitte
789 3193 935 3266 rudentes,
958 3194 1053 3269 pande
1078 3195 1149 3264 vela,

102 3306 182 3346 aoac
210 3290 354 3365 siquando
382 3291 462 3362 aliaS,
485 3299 547 3348 toto
575 3291 695 3367 ingenio
725 3290 837 3349 vehere.
894 3290 954 3350 Cur
982 3292 1060 3349 enim
1089 3311 1150 3351 non

146 3403 211 3460 ego
233 3404 352 3464 quoque
374 3389 489 3464 poetice
512 3407 580 3447 cum
608 3391 717 3465 poeta?
769 3388 844 3446 Illud
868 3390 927 3446 iam
950 3405 1028 3447 nunc
1056 3392 1150 3466 pacis·

146 3501 214 3543 cor:
250 3488 345 3561 prima
372 3505 506 3563 quaeque
534 3497 567 3545 ut
595 3488 763 3558 absolveris,
790 3487 906 3557 mittito,
934 3488 1027 3545 immo
1062 3491 1150 3550 etiam

145 3591 213 3646 ante
234 3601 323 3660 quam
345 3586 486 3657 absolvas,
509 3586 582 3645 sicut
603 3596 687 3645 erunt
707 3587 834 3646 recentia
854 3595 882 3644 et
900 3586 982 3644 rudia
1002 3597 1031 3647 et
1052 3588 1149 3648 adhuc
