2646 3914
191 125 349 174 LETTERS
372 126 415 174 OE
438 127 466 177 0.
483 127 629 175 PLINIUS
652 127 839 177 CAECILIUS
859 127 1049 176 SECUNDUS·
1088 136 1139 202 33

131 285 259 362 exempli
287 289 331 347 vel
360 289 486 366 aliquem
514 293 682 363 amicorum,
711 301 743 350 ut
770 309 818 350 me
846 291 986 367 proxime.
1030 290 1128 362 Quam

130 385 284 460 pulchrum
304 387 381 458 illud,
397 372 485 464 quam
504 391 590 449 dulce
609 393 768 449 secretum!
791 399 933 466 quantum
952 390 991 447 ibi
1005 390 1129 465 antiqui-

91 483 215 540 rotatis!
251 501 326 559 quae
354 484 439 558 facta,
469 505 543 564 quos
571 489 648 546 viros
679 489 797 546 audiasl
833 488 938 563 quibus
964 486 1128 563 praeceptis

130 581 277 640 imbuere!
300 585 432 658 quamvis
449 585 496 643 ille
516 586 573 644 hoc
593 595 857 662 temperamentum
877 585 1038 643 modestiae
1059 601 1128 642 suae

129 676 275 750 indixerit,
298 699 334 738 ne
358 684 525 759 praecipere
546 685 683 743 videatur.
725 683 852 742 Peractis
875 693 988 758 septem
1012 683 1128 740 milibus

130 771 271 850 pas'suum
286 779 390 844 iterum
409 781 537 840 ambulat
556 783 642 854 mille,
657 783 758 841 iterum
778 780 876 841 residit
889 781 934 837 vel
949 798 980 838 se
994 780 1127 839 cubiculo

129 891 164 932 ac
193 875 259 932 stilo
287 876 388 936 reddit.
432 879 534 937 Scribit
558 881 645 952 enim,
668 889 697 938 et
724 881 842 957 quidem
869 869 990 954 utraque
1018 878 1126 952 lingua,

89 991 118 1039 25
129 972 217 1047 lyrica
245 972 428 1035 doctissime:
460 979 533 1036 mira
560 980 614 1037 illis
642 981 774 1052 dulcedo,
801 979 873 1036 mira
899 978 1033 1047 suavitas,
1054 975 1128 1032 mira

130 1071 263 1144 hilaritas,
287 1073 368 1132 cuius
396 1077 519 1150 gratiam
547 1079 674 1138 cumulat
701 1080 837 1137 sanctitas
866 1075 1025 1136 scribentis.
1067 1073 1134 1131 Ubi·

129 1168 202 1227 hora
229 1170 334 1229 balinei
358 1175 488 1232 nuntiata
510 1185 554 1234 est
574 1175 631 1256 (est
657 1187 754 1236 autem
782 1175 878 1234 hieme
906 1189 995 1244 nona,
1016 1182 1126 1232 aestate

130 1267 254 1347 octava),
279 1271 309 1328 in
336 1272 407 1342 sole,
430 1273 453 1330 si
482 1284 561 1333 caret
587 1285 684 1347 vent0,
709 1275 838 1333 ambulat
865 1272 969 1331 nudus.
1011 1270 1132 1330 Deinde¹

129 1377 262 1426 movetur
283 1369 341 1445 pila
361 1371 545 1432 vehementer
566 1383 594 1432 et
615 1374 682 1432 diu:
712 1391 781 1430 nam
801 1371 859 1431 hoc
879 1384 997 1447 quoque
1018 1371 1126 1428 exerci-

88 1480 119 1526 30
129 1467 246 1524 tationis
268 1486 375 1542 genere
403 1480 515 1546 pugnat
540 1491 607 1530 cum
635 1481 791 1531 senectute.
833 1470 926 1529 Lotus
951 1470 1074 1527 accubat
1098 1478 1126 1527 et

129 1565 275 1641 paulisper
299 1568 395 1625 cibum
418 1567 529 1628 differt:
558 1571 671 1628 interim
699 1570 778 1629 audit
805 1570 950 1645 legentem
977 1568 1126 1626 remissius

129 1662 238 1739 aliquid
253 1676 281 1724 et
295 1667 415 1727 dulcius.
457 1669 512 1728 Per
526 1671 583 1728 hoc
598 1688 686 1729 omne
699 1678 815 1746 tempus
829 1669 950 1727 liberum
965 1675 1008 1725 est
1025 1667 1125 1725 amicis

26 1756 29 1762 ’
128 1762 173 1820 vel
195 1763 299 1832 eadem
320 1765 414 1825 iacere
436 1768 481 1825 vel
502 1769 564 1839 alia,
581 1769 612 1838 si
632 1768 741 1826 malint.
783 1765 949 1843 Adponitur
970 1783 1043 1822 cena
1064 1782 1140 1822 non¹

129 1861 227 1920 minus
248 1863 338 1922 nitida
359 1883 446 1940 quam
468 1866 542 1942 frugi
562 1868 593 1924 in
614 1875 733 1942 argento
751 1882 825 1942 puro
846 1872 880 1922 et
896 1863 1031 1939 antiquo:
1058 1873 1126 1921 sunt

87 1961 159 2027 35in
181 1951 285 2020 usu'et
307 1962 464 2034 Corinthia,
487 1965 591 2040 quibus
612 1965 768 2024 delectatur
792 1982 847 2022 nec
874 1963 1014 2023 adficitur.
1056 1961 1126 2019 Fre·

129 2069 252 2135 quenter
279 2063 429 2120 comoedis
455 2083 527 2122 cena
555 2065 743 2140 distinguitur,
764 2074 796 2122 ut
817 2063 979 2139 voluptates
1004 2078 1125 2138 quoque
1208 2069 1213 2080 “

26 2197 27 2204 κ
130 2160 231 2218 studiis
264 2161 443 2221 condiantur.
495 2162 589 2220 Sumit
622 2163 730 2239 aliquid
757 2162 793 2220 de
820 2168 908 2220 nocte
937 2169 967 2219 et
999 2169 1124 2218 aestate:

129 2259 239 2316 nemini
260 2259 317 2316 hoc
334 2259 457 2336 longum
476 2269 535 2333 est;
557 2270 637 2318 tanta
656 2261 792 2319 comitate
811 2259 976 2317 convivium
996 2256 1121 2315 trabitur.

131 2359 207 2417 Inde
227 2359 266 2416 illi
286 2368 354 2435 post
375 2360 530 2436 septimum
551 2369 580 2418 et
601 2360 866 2436 septuagensimum
885 2375 996 2424 annum
1012 2356 1124 2414 aurium

87 2475 120 2523 40
130 2458 282 2517 oculorum
296 2460 378 2535 vigor
391 2460 511 2535 integer,
525 2459 593 2518 inde
607 2459 681 2535 agile
696 2468 725 2518 et
737 2457 863 2516 vividum
878 2471 985 2532 corpus
1004 2455 1124 2532 solaque

130 2575 167 2614 ex
186 2566 333 2616 senectute
348 2556 507 2633 pnrdentia.
550 2558 637 2617 Hanc
651 2577 708 2636 ego
721 2559 809 2617 vitam
823 2566 891 2616 voto
906 2567 935 2614 et
949 2555 1123 2631 cogitatione

129 2674 295 2733 praesumo,
310 2655 497 2730 'ingressurus
524 2657 696 2729 avidissime,
717 2667 749 2715 ut
775 2655 902 2732 primum
928 2655 1002 2712 ratio
1022 2654 1123 2712 aetatis

128 2756 255 2830 receptui
270 2772 373 2813 canere
387 2756 555 2831 permiserit.
594 2755 714 2815 Interim
728 2755 805 2813 mille
819 2753 965 2812 laboribus
980 2765 1123 2822 conteror,

130 2871 255 2929 quorum
275 2839 347 2912 mihi
368 2864 397 2913 et
418 2853 556 2914 solacium
574 2864 602 2914 et
621 2854 787 2930 exemplum
803 2861 848 2910 est
868 2851 946 2909 idern
969 2850 1122 2927 Spurinna.

87 2955 119 3005 45
130 2951 209 3010 Nam
230 2953 276 3010 ille
298 2970 423 3030 quoque,
445 2953 543 3028 quoad
564 2953 720 3010 honestum
741 2949 802 3022 fuit,
819 2949 892 3008 obiit
912 2949 1015 3019 officia,
1033 2951 1124 3024 gessit

129 3052 322 3128 magistratus
350 3053 513 3127 provincias
541 3051 613 3110 rexit
640 3050 790 3125 multoque
821 3047 919 3106 labore
947 3047 1004 3105 hoc
1032 3047 1123 3105 o'tium

128 3151 241 3210 meruit.
290 3151 382 3225 Igitur
409 3149 535 3209 eundern
563 3148 633 3207 mihi
661 3165 784 3218 cursum,
814 3145 940 3204 eundem
968 3144 1122 3204 terminum

128 3259 234 3332 statuo,
252 3249 341 3327 idque
360 3251 418 3309 iam
437 3268 515 3308 nunc
534 3246 612 3325 apud
630 3256 659 3305 te
678 3245 826 3320 subsigno,
841 3254 879 3316 ut,
896 3245 920 3302 si
938 3262 985 3300 me
1004 3243 1121 3318 longius

84 3379 86 3386 ⁴
110 3346 212 3407 ¹evehi
239 3347 350 3420 videris,
375 3349 406 3407 in
433 3349 477 3406 ius
504 3363 592 3405 voces
620 3343 657 3403 ad
685 3343 761 3402 hanc
788 3342 941 3419 epistulam
968 3357 1065 3398 meam
1094 3349 1124 3400 et

87 3471 118 3520 50
128 3447 277 3525 quiescere
298 3449 405 3520 iubeas,
428 3463 495 3506 cum
516 3445 634 3503 inertiae
653 3443 765 3502 'crimen
785 3441 924 3517 effugero.
967 3438 1050 3526 Vale.
1085 3466 1088 3472 ·

614 3662 633 3702 D
