2646 3914
223 160 383 210 narrans
407 162 450 210 os
473 163 502 212 c.
518 163 663 210 Parmos
686 161 871 211 essemus
891 164 1082 215 succubus
1121 150 1159 212 61

167 319 244 379 tibus
273 322 361 380 dediti
389 322 472 399 quasi
500 323 530 382 in
559 322 636 382 diem
667 323 765 380 vivunt
791 323 903 382 vivendi
932 342 1033 382 causas
1061 321 1165 382 cotidie

167 418 287 491 liniunt;
330 422 378 497 qui
413 439 482 481 vero
516 432 650 498 posteros
685 423 814 498 cogitant
851 431 880 482 et
914 423 1087 481 memoriam
1123 422 1166 479 sui

166 519 304 592 operibus
332 518 500 590 extendunt,
521 519 565 578 his
589 518 668 578 nulla
695 537 774 578 mors
797 539 858 578 non
885 521 1035 597 repentina
1059 529 1111 591 est,
1134 529 1166 578 ut

168 633 242 692 quae
262 635 378 693 semper
399 617 567 676 inchoatum
589 618 697 693 aliquid
720 619 880 693 abrumpat.
931 617 1023 677 Gaius
1048 618 1166 694 quidem

128 736 160 770 20
168 713 297 774 Fannius
325 716 405 792 quod
433 717 537 776 accidit
570 717 661 775 multo
688 725 755 776 ante
782 718 950 793 praesensit.
1006 717 1095 776 Visus
1122 727 1169 790 est

168 813 221 870 sibi
249 832 302 890 per
335 825 507 874 nocturnam
535 817 661 891 quietem
694 815 786 873 iacere
814 816 844 872 in
871 815 977 874 lectulo
1006 805 1059 874 suo
1084 834 1165 874 com-

167 912 279 986 positus
300 913 330 971 in
353 912 483 973 habiturn
509 914 659 984 studentis,
681 913 787 972 habere
811 922 878 972 ante
900 931 930 972 se
952 914 1089 972 scrinium
1115 912 1166 993 (ita

168 1007 308 1088 solebam:
344 1031 414 1071 mox
442 1013 617 1089 imaginatus
648 1025 692 1072 est
719 1014 832 1072 venisse
861 1011 1018 1083 Neronem,
1043 1013 1074 1069 in
1098 1022 1165 1070 toro

167 1107 317 1180 resedisse,
342 1111 519 1186 prompsisse
546 1111 673 1187 primum
697 1111 802 1170 librum
829 1127 917 1188 quern
945 1110 981 1169 de
1010 1110 1164 1168 sceleribus

127 1226 157 1274 25
168 1206 229 1265 eius
264 1209 392 1268 ediderat
420 1228 544 1286 eumque
578 1210 616 1269 ad
651 1220 812 1270 extremum
840 1210 1001 1282 revolvisse,
1030 1207 1107 1269 idem
1135 1207 1165 1266 ln

167 1307 297 1366 secundo
320 1327 354 1367 ac
376 1309 460 1368 tertio
482 1309 593 1382 secisse,
617 1320 686 1368 tunc
709 1309 812 1368 abisse.
853 1308 978 1384 Expavit
1002 1318 1031 1367 et
1055 1305 1096 1367 sic
1120 1307 1164 1365 in-

167 1415 339 1481 terpretatus
362 1417 415 1478 est,
438 1418 586 1484 tamquam
609 1405 688 1466 idern
711 1408 764 1466 sibi
788 1407 899 1466 futurus
924 1418 999 1466 esset
1021 1407 1164 1466 scribendi

167 1504 241 1575 finis,
271 1507 320 1581 qui
354 1505 456 1565 fuisset
489 1507 527 1564 illi
560 1507 684 1582 legendi,
714 1516 743 1566 et
770 1506 822 1565 fuit
856 1506 943 1565 idem.
1000 1504 1089 1577 Quod
1117 1523 1164 1562 me

165 1604 368 1663 recordantem
390 1605 535 1663 miseratio
560 1605 644 1676 subit,
668 1614 810 1681 quantum
832 1605 999 1680 vigiliarum,
1023 1613 1165 1681 quantum

125 1715 158 1764 30
166 1701 273 1760 laboris
296 1703 458 1761 exhauserit
480 1702 589 1762 frustra
641 1702 806 1762 Occursant
828 1703 926 1761 animo
948 1721 1014 1760 mea
1038 1701 1165 1760 mortali-

166 1810 218 1871 tas,
234 1819 301 1860 mea
319 1802 432 1878 scripta.
474 1800 539 1860 Nec
558 1802 657 1860 dubito
677 1813 705 1860 te
727 1819 844 1878 quoque
865 1801 968 1859 eadem
987 1799 1163 1875 cogitatione

166 1900 265 1958 terreri
293 1919 346 1976 pro
369 1901 431 1960 istis
454 1918 528 1977 quae
552 1901 623 1959 inter
651 1919 756 1959 manus
782 1901 881 1959 habes
939 1898 1064 1957 Proinde
1093 1898 1163 1957 dum

166 2001 294 2075 suppetit
326 2000 392 2071 vita,
423 2001 566 2058 enitamur
594 2010 626 2058 ut
653 2017 733 2058 mors
761 2018 849 2076 quam
883 1998 1060 2075 paucissima
1088 2015 1164 2074 quae

167 2098 282 2156 abolere
303 2100 396 2176 possit
416 2099 551 2158 inveniat.
592 2097 675 2156 Vale.

447 2283 451 2292 ι
490 2341 541 2396 47.
584 2333 712 2413 (BOOK
734 2349 762 2408 5.
787 2332 845 2413 ιο.)

200 2466 271 2530 Pliny
282 2468 343 2531 begs
359 2466 492 2515 Suetonius
502 2482 536 2514 no
547 2465 634 2529 longer
645 2472 672 2514 to
688 2465 760 2529 delay
772 2465 814 2514 the
829 2463 982 2529 publication
994 2463 1024 2512 ol
1036 2461 1074 2512 his
1085 2461 1163 2522 work,

165 2546 204 2598 lor
219 2549 300 2600 which
316 2550 348 2600 he
365 2563 420 2613 says
433 2550 465 2598 he
477 2549 521 2598 has
537 2547 609 2598 made
624 2548 726 2598 himself
736 2547 886 2613 responsible
899 2545 933 2610 by
949 2561 1018 2596 some
1034 2561 1115 2597 verses
1131 2547 1163 2596 he

164 2632 210 2681 has
221 2631 325 2682 written.

341 2770 366 2811 C.
387 2767 500 2811 PLINIUS
519 2770 662 2812 SUETONIO
684 2767 871 2819 TRANQUILLO
892 2765 945 2810 SUO
967 2767 989 2810 S.

206 2884 310 2943 Libera
337 2885 456 2943 tandem
483 2885 792 2962 hendecasyllaborum
826 2903 960 2943 meorum
987 2884 1084 2957 fidem,
1113 2886 1162 2962 qui
1255 2889 1262 2902 '

164 2983 271 3058 scripta
284 2992 333 3040 tua
352 2983 557 3040 communibus
577 2983 678 3041 amicis
699 2982 928 3057 spoponderunt
970 2982 1162 3060 Appellantur

164 3079 269 3139 cotidie
290 3091 319 3140 et
340 3080 512 3156 flagitantur,
528 3098 561 3138 ac
580 3080 639 3138 iam
660 3080 819 3155 periculum
840 3090 885 3139 est
905 3099 943 3139 ne
964 3090 1105 3157 cogantur
1125 3078 1162 3138 ad

163 3179 360 3237 exhibendum
383 3177 537 3238 formulam
560 3180 702 3254 accipere.
754 3177 826 3236 Sum
849 3189 879 3237 et
902 3180 966 3256 ipse
990 3180 1019 3234 in
1045 3177 1161 3236 edendo

139 3276 328 3348 5haesitator,
353 3285 384 3334 tn
412 3288 511 3336 tamen
538 3295 635 3335 meam
660 3295 777 3353 quoque
802 3278 1016 3336 cunctationem
1045 3277 1161 3335 tardita-

163 3384 282 3451 temque
307 3376 407 3435 vicisti.
449 3374 575 3432 Proinde
599 3385 648 3434 aut
676 3394 778 3452 rumpe
806 3377 865 3436 iam
892 3393 989 3433 moras
1017 3382 1066 3431 aut
1094 3392 1162 3433 cave

163 3492 200 3532 ne
215 3474 335 3532 eosdem
348 3475 419 3533 istos
433 3473 554 3545 libellos,
570 3492 644 3550 quos
659 3475 710 3532 tibi
728 3474 960 3550 hendecasyllabi
974 3473 1066 3530 nostri
1080 3473 1162 3531 blan·

163 3573 239 3632 ditiis
262 3575 363 3632 elicere
387 3592 448 3632 non
475 3583 606 3649 possunt,
632 3574 764 3634 convicio
789 3582 940 3632 scazontes
962 3580 1161 3648 extorqueant.
