2646 3914
204 144 362 192 LETTERS
385 147 429 194 OE
452 149 480 196 C.
500 147 643 196 PLINIUS
666 147 851 196 CAECILIUS
871 143 1060 193 SECUNDUS.
1101 138 1143 209 57

108 321 215 362 roesse
247 305 456 366 restituendum
484 307 703 368 Viennensibus
729 325 846 384 agona:
890 306 994 365 adiecit
1028 302 1148 362 ‘vellem

149 403 237 462 etiarn
260 403 374 464 Rornae
395 407 456 465 tolli
475 406 596 484 posset!
649 407 834 478 Constanter,
856 406 959 482 inquis,
982 412 1010 461 et
1031 401 1149 460 fortiter.

149 499 284 572 Quidni?
327 503 384 563 Sed
399 505 457 564 hoc
476 505 643 565 aMaurico
665 524 774 564 novum
796 514 928 564 nonest
972 502 1056 561 Idem
1071 497 1148 575 apud

148 601 354 678 imperatorem
379 603 507 663 Nervam
530 620 591 664 non
616 605 712 664 minus
737 604 855 663 fortiter.
898 602 1030 662 Cenabat
1051 597 1149 656 Nerva

148 717 217 758 curn
232 701 348 776 paucis:
370 701 496 761 Veiento
510 705 661 780 proximus
681 713 769 780 atque
790 703 877 761 etiarn
898 702 928 760 in
948 701 1014 758 sinu
1034 715 1147 757 recum·

105 811 136 860 15
147 799 252 856 bebat:
277 800 335 858 diri
353 801 462 872 omnia,
478 820 544 860 cum
563 802 713 862 hominem
733 801 889 860 nominavi.
931 798 1036 856 Incidit
1051 813 1148 855 sermo

149 896 186 956 de
208 896 322 957 Catullo
344 899 512 972 Messalino,
533 901 583 977 qui
604 901 761 960 luminibus
781 901 898 958 orbatus
920 896 1038 972 ingenio
1059 911 1147 953 saevo

147 995 225 1053 mala
240 997 385 1055 caecitatis
406 998 575 1057 addideram
607 1016 668 1056 non
688 998 845 1068 verebatur,
868 1014 930 1054 non
948 994 1148 1053 erubescebat,

147 1111 210 1151 non
232 1095 436 1169 miserebatur;
468 1115 528 1173 quo
557 1097 671 1173 saepius
693 1115 710 1154 a
732 1095 901 1154 Domitiano
925 1113 986 1152 non
1008 1110 1091 1151 secus
1112 1110 1146 1149 ac

148 1193 213 1264 tela,
236 1212 311 1269 quae
331 1204 360 1252 et
380 1196 444 1271 ipsa
465 1215 553 1254 caeca
573 1207 602 1256 et
626 1195 776 1272 inprovida
796 1195 934 1265 feruntur,
953 1193 984 1250 in
1005 1191 1146 1268 optimum

109 1315 139 1348 20
149 1310 295 1369 quemque
310 1297 562 1370 contorquebatur.
597 1295 643 1354 De
657 1294 742 1354 huius
757 1295 884 1371 nequitia
898 1291 1148 1368 sanguinariisque

149 1392 299 1450 sententiis
313 1393 343 1449 in
356 1411 514 1452 commune
528 1411 633 1453 omnes
648 1412 734 1471 super
747 1412 851 1453 cenam
865 1393 1066 1469 loquebantur,
1078 1407 1146 1448 cum

149 1491 212 1566 ipse
223 1530 226 1537 ·
237 1490 394 1567 imperator
417 1492 507 1568 ‘quid
528 1502 664 1570 putamus
685 1511 838 1568 passurum
853 1490 949 1562 luisse,
965 1491 988 1548 si
1010 1485 1148 1546 vivereti’

150 1596 179 1644 et
193 1586 341 1647 Mauricus
357 1590 528 1652 ‘nobiscum
542 1591 674 1650 cenaret!
707 1591 840 1668 Longius
854 1590 919 1664 abii,
931 1589 1024 1648 libens
1039 1598 1145 1646 tamen.

150 1686 261 1745 Placuit
288 1706 384 1762 agona
411 1690 480 1762 tolli,
509 1691 559 1767 qui
586 1709 683 1748 mores
707 1689 919 1748 Viennensium
947 1687 1090 1757 infecerat,
1116 1694 1148 1743 ut

16 1827 19 1830 -
110 1799 140 1848 ²5
151 1795 250 1844 noster
277 1786 323 1845 hic
353 1788 493 1849 omniurn.
535 1789 615 1848 Nam
637 1789 849 1846 Viennensium
873 1787 942 1844 vitia
967 1786 1040 1843 intra
1067 1784 1147 1860 ipsos

151 1885 288 1958 residunt,
313 1896 412 1946 nostra
435 1887 492 1948 late
516 1897 665 1966 vagantur,
691 1897 780 1962 utque
807 1888 837 1944 in
862 1886 1030 1964 corporibus
1054 1883 1147 1941 sicin

150 1984 273 2060 imperio
300 1986 487 2060 gravissimus
515 1998 559 2046 est
575 1989 705 2046 'morbus
733 1986 824 2063 quia
852 1986 947 2064 capite
970 1982 1146 2042 diffunditur.

150 2082 233 2142 Vale.

467 2297 518 2350 43.
562 2290 690 2371 (Boou
712 2312 738 2364 4.
763 2288 823 2369 25.)

175 2419 267 2485 Pliny's
283 2421 345 2474 fears
363 2423 440 2472 about
457 2423 499 2473 the
516 2439 558 2472 use
575 2423 605 2471 os
618 2425 659 2474 the
677 2424 758 2474 ballot
775 2425 800 2473 in
817 2423 859 2472 the
876 2422 964 2472 Senate
980 2423 1043 2470 have
1060 2422 1122 2470 been

238 2503 346 2566 justified
358 2506 391 2570 by
403 2506 445 2556 the
456 2506 544 2570 vulgar
556 2506 617 2570 solly
629 2508 690 2556 with
702 2508 783 2556 which
795 2507 814 2556 it
826 2507 871 2555 has
883 2507 944 2554 been
956 2505 1071 2555 abused.r

381 2645 406 2686 C.
427 2645 540 2686 PLINIUS
561 2646 662 2689 MESSIO
684 2645 799 2687 MAXIMO
821 2645 874 2686 SUO
896 2644 917 2684 S.

192 2755 371 2834 Scripseram
384 2757 436 2818 tibi
448 2758 605 2818 verendum
616 2777 681 2820 esse
692 2777 729 2817 ne
743 2777 780 2818 cx
788 2758 880 2820 tacitis
895 2757 1037 2834 suffragiis
1046 2757 1146 2816 vitium
1203 2765 1207 2773 '

150 2856 269 2932 aliquod
294 2858 435 2918 existeret.
479 2857 601 2918 Factum
623 2867 675 2918 est.
717 2857 861 2917 Proximis
885 2858 1009 2919 comitiis
1030 2858 1060 2918 ln
1083 2857 1146 2933 qui·

149 2955 274 3014 busdam
295 2955 406 3016 tabellis
427 2956 517 3018 multa
537 2957 674 3018 iocularia
695 2966 780 3032 atque
801 2957 888 3016 etiam
906 2956 993 3016 foeda
1013 2957 1101 3026 dictu,
1116 2957 1146 3013 in

150 3071 210 3112 una
222 3072 290 3112 vero
305 3072 360 3130 pro
374 3055 593 3116 candidatorum
607 3056 774 3116 nominibus
788 3056 1012 3134 suffragatomm
1025 3053 1147 3113 nomina

124 3151 266 3216 sinventa
281 3162 357 3212 sunt.
399 3152 564 3216 Excanduit
585 3164 701 3214 senatus
723 3173 890 3232 magnoque
909 3155 1035 3216 clamore
1055 3153 1081 3210 ei
1096 3151 1145 3227 qui

151 3251 312 3327 scripsisset
335 3252 438 3312 iratum
460 3253 622 3330 principem
645 3262 689 3314 est
714 3264 923 3330 comprecatus.
974 3252 1026 3312 Ille
1047 3259 1146 3310 tamen

151 3350 248 3410 fefellit
267 3361 296 3410 et
314 3351 405 3422 latuit,
420 3351 542 3410 fortasse
561 3353 647 3412 etiarn
669 3353 743 3412 inter
763 3353 947 3428 indignantes
962 3351 1020 3408 fuit
1065 3348 1145 3421 Quid

150 3449 229 3510 hunc
263 3459 400 3526 putamus
428 3449 508 3510 dorni
544 3450 646 3522 facere,
675 3451 725 3528 qui
757 3451 788 3512 in
815 3460 896 3510 tanta
922 3468 953 3512 re
980 3459 1040 3508 tarn
1068 3449 1145 3510 serio

63 3583 66 3596 ι
149 3558 282 3626 tempore
297 3559 356 3612 tarn
371 3550 524 3612 scurriliter
537 3550 623 3622 ludat,
639 3551 689 3626 qui
703 3551 829 3626 denique
849 3549 970 3610 omnino
992 3547 1022 3606 in
1042 3557 1145 3608 senatu
