2646 3914
220 151 381 200 terrens
405 153 449 201 or
472 152 500 200 o.
516 153 663 200 PLINIUS
687 151 873 200 onrorrrus
895 152 1088 204 arcuarius.
1123 153 1165 222 59

163 312 195 370 in
224 312 377 371 consilium
401 311 476 372 duos
499 331 574 389 quos
598 322 668 371 tunc
691 312 789 371 civitas
814 321 912 371 nostra
936 312 1163 388 spectatissimos

163 409 272 481 habuit,
309 409 465 470 Corellium
505 421 533 470 et
568 409 748 469 Frontinum.
811 407 868 468 His
904 411 1097 470 circumdatus
1132 411 1163 468 in
1195 412 1198 416 ’

123 509 299 567 zocubiculo
324 528 390 568 meo
416 510 493 568 sedi:
530 509 601 568 dixit
623 509 766 569 Curianus
791 527 944 585 quaepro
969 528 1001 568 se
1024 510 1162 586 putabat:

163 610 304 685 respondi
318 611 418 686 paucis
432 629 489 686 ego
507 608 614 689 (neque
634 610 712 668 enim
732 609 831 668 aderat
848 610 920 668 alius
942 611 991 686 qui
1010 609 1163 668 defunctae

163 707 308 783 pudorem
331 707 486 788 tueretur):
516 710 621 768 deinde
645 708 751 768 secessi
774 717 802 766 et
825 726 862 766 ex
887 709 998 767 consilii
1022 708 1163 767 sententia

165 805 305 865 ‘videtur’
341 808 470 884 inquam,
506 805 660 878 ‘Curiana
695 816 787 864 mater
821 817 871 864 tua
905 807 993 866 iustas
1028 807 1164 865 habuisse

164 922 267 964 causas
283 905 425 964 irascendi
443 905 512 964 tibi!
555 905 625 964 Post
646 906 703 964 hoc
722 906 767 963 ille
786 922 852 963 cum
874 907 974 965 ceteris
996 905 1165 981 subscripsit

124 1021 153 1070 25
165 1004 371 1062 centumvirale
392 1003 540 1074 iudicium,
562 1022 623 1062 non
645 1003 813 1080 subscripsit
834 1021 957 1062 mecum.
1000 1004 1164 1081 Adpetebat

163 1101 261 1160 iudicii
276 1102 346 1161 dies.
388 1101 552 1160 Coheredes
570 1101 627 1159 mei
647 1119 815 1176 conponere
835 1111 864 1159 et
884 1102 1041 1178 transigere
1063 1103 1162 1178 cupie-

165 1201 245 1271 bant,
270 1219 331 1259 non
359 1201 517 1259 diffidentia
541 1219 654 1271 causae,
678 1199 730 1258 sed
754 1210 834 1258 metu
861 1210 1032 1276 temporum.
1074 1201 1163 1260 Vere-

165 1301 272 1358 bantur
297 1299 377 1375 quod
403 1299 538 1358 videbant
560 1299 656 1358 multis
684 1299 829 1370 accidisse,
853 1317 890 1357 ne
912 1318 946 1358 ex
968 1301 1163 1360 centumvirali

165 1398 273 1457 iudicio
288 1398 389 1475 capitis
408 1399 449 1457 rei
468 1398 586 1457 exirent.
628 1397 666 1456 Et
687 1409 768 1457 erant
789 1399 907 1476 quidam
928 1401 958 1458 in
980 1401 1033 1458 illis
1058 1401 1163 1477 quibus

125 1519 157 1567 30
166 1498 244 1555 obici
268 1507 296 1555 et
319 1495 455 1555 Gratillae
479 1496 604 1568 amicitia
625 1506 653 1554 et
679 1496 791 1557 Rustici
813 1508 922 1574 posset.
972 1500 1091 1576 Rogant
1116 1517 1164 1556 me

166 1606 197 1655 ut
213 1615 281 1654 cum
296 1595 422 1653 Curiano
437 1597 546 1671 loquar.
589 1594 787 1655 Convenimus
806 1598 837 1655 in
857 1597 959 1656 aedem
974 1597 1163 1656 Concordiae.

168 1695 213 1754 Ibi
236 1713 293 1772 ego
317 1697 359 1755 ‘si
384 1696 485 1755 mater’
509 1697 628 1773 inquam
652 1699 697 1755 ‘te
719 1715 755 1755 ex
777 1709 858 1773 parte
884 1707 983 1775 quarta
1004 1698 1164 1772 scripsisset

167 1794 312 1865 heredem,
342 1813 413 1853 num
441 1796 522 1872 queri
550 1796 671 1871 posses?
725 1794 805 1866 Quid
830 1797 854 1854 si
881 1795 1018 1854 heredem
1047 1795 1164 1872 quidem

168 1893 337 1951 instituisset
363 1912 400 1952 ex
435 1911 508 1965 asse,
538 1893 589 1952 sed
617 1893 718 1970 legatis
752 1895 792 1952 ita
827 1895 1014 1966 exhausisset,
1043 1903 1075 1952 ut
1102 1911 1163 1951 non

126 2010 157 2060 35
168 1994 290 2069 amplius
312 1994 390 2069 apud
412 2004 550 2071 tequam
574 2004 675 2070 quarta
695 1997 876 2056 remaneret?
918 1995 1009 2071 Igitur
1034 1995 1164 2054 sufficere

168 2093 220 2150 tibi
248 2092 342 2170 debet,
372 2092 396 2150 si
430 2092 620 2151 exheredatus
655 2113 672 2152 a
702 2104 794 2154 matre
828 2104 960 2173 quartam
987 2105 1100 2171 partem
1127 2095 1164 2151 ah

167 2189 322 2249 heredibus
350 2191 412 2248 eius
440 2191 573 2266 accipias,
603 2209 690 2266 quarn
717 2203 817 2252 tamen
848 2212 906 2270 ego
934 2194 1072 2269 augebos
1101 2191 1163 2250 Scis

168 2298 196 2348 te
224 2307 286 2347 non
314 2290 517 2365 subscripsisse
552 2306 668 2347 mecum
702 2300 731 2349 et
758 2292 815 2349 iarn
844 2292 994 2349 biennium
1028 2291 1167 2348 transisse

167 2389 325 2464 omniaque
361 2406 408 2447 me
443 2407 498 2446 usu
526 2388 646 2463 cepisse.
703 2389 760 2448 Sed
790 2401 822 2449 ut
851 2401 879 2449 te
913 2389 1071 2472 coheredes
1106 2390 1163 2448 mei

124 2511 157 2560 40
167 2488 389 2545 tractabiliorem
417 2488 608 2564 experiantur,
631 2497 719 2564 utque
746 2489 798 2547 tibi
820 2489 889 2548 nihil
913 2490 1060 2548 abstulerit
1081 2508 1161 2548 reve-

166 2587 258 2643 rentia
272 2587 339 2657 mei,
354 2585 444 2644 offero
464 2605 518 2662 pro
537 2605 604 2645 mea
623 2597 704 2663 parte
726 2588 913 2647 tantundem'
956 2587 1024 2646 Tuli
1038 2588 1163 2648 fructum

127 2749 128 2754 η
166 2702 228 2742 non
263 2685 459 2744 conscientiae
493 2685 583 2744 modo
612 2704 711 2744 verum
739 2688 825 2745 etiam
854 2687 956 2746 famae.
1012 2687 1065 2747 Ille
1093 2706 1164 2764 ergo

167 2783 310 2842 Curianus
332 2784 459 2860 legatum
480 2784 550 2842 mihi
571 2784 684 2860 reliquit
706 2794 735 2843 et
757 2785 864 2843 factum
885 2804 993 2855 meum,
1015 2787 1069 2844 nisi
1089 2785 1163 2844 sorte

166 2881 301 2941 blandior
329 2883 407 2955 mihi,
433 2884 584 2960 antiquum
611 2883 737 2943 notabili.
757 2881 868 2941 honore
896 2882 1025 2959 signavit.
1078 2881 1162 2942 Haec

123 3002 155 3052 45
166 2981 217 3040 tibi
242 2983 351 3059 scripsi,
376 2984 444 3059 quia
472 2983 508 3040 de
537 2982 674 3040 omnibus
699 2999 772 3057 quae
801 2999 847 3038 me
876 2982 921 3039 vel
948 2981 1091 3040 delectant
1118 2982 1162 3039 vel

167 3092 278 3156 angunt
299 3100 361 3140 non
381 3083 459 3140 aliter
478 3090 574 3140 tecum
588 3099 681 3158 quam
695 3097 810 3137 mecum
829 3078 909 3156 loqiti
928 3080 1024 3152 sole03
1056 3079 1162 3137 deinde

166 3180 248 3255 quod
277 3179 381 3238 durum
409 3181 610 3238 existimabam
636 3189 663 3237 te
692 3179 921 3238 amantissimum
949 3180 1007 3236 mei
1030 3177 1162 3237 fraudare

166 3279 312 3354 voluptate
341 3297 428 3355 quam
455 3279 518 3354 ipse
554 3279 713 3353 capiebam.
769 3278 874 3354 Neque
902 3280 980 3336 enim
1008 3293 1073 3334 sum
1100 3286 1161 3335 tam

167 3377 291 3452 sapiens,
317 3388 348 3436 ut
371 3378 441 3436 nihil
462 3396 529 3436 mea
552 3378 670 3448 intersit,
694 3359 732 3434 an
756 3377 790 3434 iis
814 3395 888 3453 quae
912 3378 1034 3435 honeste
1058 3374 1163 3436 fecisse

124 3495 157 3545 50
167 3493 215 3532 me
240 3475 328 3534 credo
349 3477 510 3537 testificatio
524 3476 676 3551 ‘quaedam
697 3485 725 3534 et
746 3477 828 3552 quasi
851 3474 1010 3552 praemium
1035 3475 1164 3536 accedat.

167 3570 250 3632 Vale.
