2662 3914
180 126 223 191 94
457 121 480 172 A
505 122 703 175 senaculum·
718 122 822 174 FROM
844 122 914 174 Tua

178 300 240 340 non
264 281 412 352 dissimile,
438 283 519 359 quod
544 283 581 342 ad
606 302 685 342 mare
713 293 753 356 tu,
778 302 835 360 ego
864 284 903 344 ad
930 284 1050 343 Larium
1077 285 1184 344 lacum.

178 379 276 439 Huius
304 381 334 438 in
363 381 445 440 litore
469 382 566 458 plures
590 381 672 440 villae
696 401 788 455 meae,
813 383 865 442 sed
893 385 968 443 duae
997 385 1123 444 maxime
1153 394 1185 441 ut

178 479 323 538 delectant
343 481 383 537 ita
403 490 546 540 exercent.
598 481 697 540 Altera
717 482 845 562 inposita
866 483 943 542 saxis
965 501 1048 542 more
1071 483 1213 556 Baiano5

178 577 275 636 lacum
303 579 452 655 prospicit,
477 579 566 638 altera
590 598 684 656 aeque
707 598 790 638 more
816 580 927 640 Baiano
954 581 1052 641 lacurn
1080 581 1183 658 tangit.

177 677 281 753 Itaque
300 678 377 735 illam
398 678 589 754 tragoediam,
609 679 685 738 hanc
707 680 852 756 appellare
874 680 1059 739 comoediam
1081 680 1163 738 soleo
1174 699 1182 750 ;

178 775 266 848 illam,
295 777 375 853 quod
409 777 492 853 quasi
528 777 686 849 cothurnis,
714 779 799 851 hanc,
829 779 910 855 quod
941 779 1024 855 quasi
1058 778 1184 837 socculis

179 878 341 936 sustinetur.
397 877 457 936 Sua
485 878 599 953 utrique
627 881 790 940 amoenitas
818 889 847 938 et
874 889 996 955 utraque
1020 876 1185 955 possidenti

178 977 243 1053 ipsa
271 977 432 1035 diversitate
459 977 622 1036 iucundior.
674 977 759 1036 Haec
782 977 848 1037 lacu
872 979 1001 1055 propius,
1026 979 1074 1036 illa
1098 977 1184 1035 latius
1201 1005 1233 1040 10
1322 1031 1323 1054 ,

178 1076 282 1135 utitur:
311 1076 384 1134 haec
407 1094 499 1134 unum
521 1076 616 1134 sinum
637 1075 718 1133 molli
739 1077 905 1136 curvamine
926 1076 1115 1153 amplectitur,
1134 1076 1184 1134 illa

178 1175 339 1234 editissimo
367 1173 456 1234 dorso
492 1174 567 1234 duos
591 1173 714 1232 dirimit:
750 1174 806 1234 illic
834 1185 914 1234 recta
940 1175 1063 1252 gestatio
1091 1174 1184 1249 longo

178 1272 267 1330 limite
289 1291 376 1349 super
395 1273 462 1332 litus
480 1273 653 1356 extenditur,
670 1273 718 1331 hic
739 1273 953 1349 spatiosissimo
974 1283 1059 1350 xysto
1081 1274 1184 1331 leniter

178 1371 352 1429 inflectitur:
388 1372 436 1430 illa
463 1372 568 1432 fluctus
596 1390 658 1431 non
688 1374 782 1444 sentit,
811 1374 883 1432 haec
913 1373 1035 1448 frangit:
1070 1391 1107 1430 ex
1135 1372 1184 1430 illa

179 1470 275 1546 possis
296 1469 446 1546 despicere
467 1472 623 1548 piscantes,
647 1491 685 1532 ex
708 1471 764 1530 hac
786 1473 850 1549 ipse
874 1473 979 1548 piscari
1003 1472 1183 1548 hamumque
1200 1498 1233 1548 15

180 1569 217 1627 de
239 1569 375 1628 cubiculo
398 1588 432 1629 ac
454 1589 548 1647 paene
564 1571 651 1629 etiam
666 1572 703 1631 de
721 1571 828 1632 lectulo
849 1581 882 1632 ut
900 1572 1056 1632 enaucula
1077 1573 1182 1632 iacere.

179 1666 247 1726 Hae
261 1667 333 1726 mihi
347 1686 452 1728 causae
467 1671 580 1746 utrique
595 1689 670 1746 quae
685 1672 791 1730 desunt
811 1671 978 1731 adstruendi
1000 1671 1039 1729 ob
1057 1689 1183 1747 eaquae

179 1777 344 1843 supersunt.
393 1768 452 1827 Sed
473 1770 544 1846 quid
565 1788 622 1846 ego
644 1771 786 1830 rationem
808 1770 880 1829 tibi?
917 1770 997 1847 apud
1018 1789 1107 1848 quem
1127 1789 1183 1846 pro

178 1867 288 1924 ratione
310 1867 364 1926 erit
384 1868 464 1926 idem
484 1868 586 1928 facere.
629 1869 712 1929 Vale.

500 2063 550 2118 77.
593 2055 723 2137 (BOOK
745 2079 772 2135 9.
799 2057 856 2139 13.)

212 2185 283 2249 Pliny
291 2185 414 2236 describes
425 2187 467 2237 the
477 2187 566 2237 debete
578 2188 661 2237 which
672 2188 703 2237 he
715 2188 794 2238 raised
806 2189 831 2237 in
842 2189 885 2238 the
896 2196 980 2240 senate
991 2207 1023 2240 on
1035 2191 1077 2240 the
1089 2207 1144 2240 case
1155 2192 1186 2240 ol

180 2269 268 2318 Certus
283 2269 325 2318 the
341 2286 428 2334 enemy
440 2271 469 2319 of
481 2271 622 2328 Helvidius.
633 2271 675 2321 the
686 2272 830 2335 opposition
842 2272 904 2322 with
915 2274 997 2324 which
1011 2274 1043 2324 be
1057 2291 1109 2324 was
1124 2282 1184 2332 met,

179 2351 221 2401 the
234 2360 303 2416 great
319 2353 429 2402 effectos
439 2354 478 2404 his
489 2355 639 2420 concluding
650 2355 746 2419 speech,
759 2355 808 2406 aud
825 2355 867 2405 the
878 2357 1035 2422 pmishment
1047 2359 1095 2408 aud
1106 2359 1183 2408 death

180 2434 210 2483 ol
218 2435 312 2485 Certus.

451 2540 476 2580 C·
498 2540 610 2582 PLINIUS
631 2541 790 2590 QUADRATO
810 2541 864 2584 SUO
885 2543 908 2582 S.

222 2651 341 2723 Quanto
370 2652 527 2712 studiosius
555 2657 750 2733 intentiusque
781 2657 876 2734 legisti
909 2658 999 2718 libros
1034 2677 1110 2734 quos
1145 2659 1183 2718 de

181 2749 299 2809 Helvidi
332 2752 443 2812 ultione
478 2756 642 2831 composui,
677 2765 760 2815 tanto
795 2757 957 2833 impensius
988 2759 1118 2834 postulas
1150 2768 1183 2816 ut

179 2850 357 2926 perscribam
380 2852 430 2912 tibi
453 2870 586 2932 quaeque
611 2863 692 2912 extra
715 2855 804 2914 libros
827 2875 961 2933 quaeque
983 2858 1060 2915 circa
1084 2857 1181 2928 libros

179 2959 273 3009 toturn
294 2949 420 3025 denique
441 2951 574 3010 ordinem
595 2953 645 3024 rei,
661 2952 707 3011 cui
726 2973 778 3030 per
797 2964 920 3013 aetatem
940 2973 1002 3013 non
1023 2955 1181 3014 interfuisti.

180 3049 289 3109 Occiso
304 3047 475 3108 Domitiano
490 3053 575 3110 statui
592 3071 709 3112 mecum
728 3072 762 3112 ac
781 3054 935 3113 deliberavi
958 3073 1022 3114 esse
1043 3073 1182 3132 magnam
1197 3079 1211 3129 5

180 3147 390 3225 pulchramque
413 3150 562 3209 materiam
585 3152 746 3211 insectandi
771 3164 920 3224 nocentes,
943 3156 1067 3216 miseros
1090 3157 1181 3214 vindi-

181 3248 276 3319 candi,
299 3265 330 3306 se
352 3245 527 3323 proferendi.
569 3249 661 3309 Porro
682 3252 755 3311 inter
776 3254 866 3312 multa
892 3255 1001 3313 scelera
1022 3256 1182 3314 multorum

180 3346 291 3404 nullum
320 3347 444 3405 atrocius
468 3347 626 3422 videbatur,
652 3369 740 3427 quam
768 3353 849 3429 quod
876 3354 906 3411 in
931 3364 1036 3412 senatu
1064 3363 1182 3412 senator

182 3446 316 3516 senatori,
342 3446 502 3522 praetorius
530 3448 683 3521 consulari,
708 3469 759 3510 reo
787 3451 875 3510 iudex
900 3469 1006 3512 manus
1028 3454 1180 3513 intulisset.

182 3540 287 3601 Fuerat
300 3544 407 3621 alioqui
426 3545 497 3606 mihi
519 3565 586 3608 oum
608 3547 746 3610 Helvidio
767 3550 901 3624 amicitia,
916 3562 1026 3627 quanta
1045 3560 1180 3628 potuerat
1196 3572 1228 3608 10
