<?xml version="1.0" encoding="UTF-8"?>
<!DOCTYPE html PUBLIC "-//W3C//DTD XHTML 1.0 Transitional//EN"
    "http://www.w3.org/TR/xhtml1/DTD/xhtml1-transitional.dtd">
<html xmlns="http://www.w3.org/1999/xhtml" xml:lang="en" lang="en">
 <head>
  <title>
</title>
<meta http-equiv="Content-Type" content="text/html;charset=utf-8" />
  <meta name='ocr-system' content='tesseract 3.04.00' />
  <meta name='ocr-capabilities' content='ocr_page ocr_carea ocr_par ocr_line ocrx_word'/>
</head>
<body>
  <div class='ocr_page' id='page_1' title='image "./selectedletters05plingoog_0089.png"; bbox 0 0 2646 3914; ppageno 0'>
   <div class='ocr_carea' id='block_1_1' title="bbox 184 139 916 220">
    <p class='ocr_par' dir='ltr' id='par_1_1' title="bbox 184 139 916 220">
     <span class='ocr_line' id='line_1_1' title="bbox 184 139 916 220; baseline 0.004 -19"><span class='ocrx_word' id='word_1_1' title='bbox 184 139 225 220; x_wconf 88' lang='lat'>76</span> <span class='ocrx_word' id='word_1_2' title='bbox 454 156 475 203; x_wconf 80' lang='lat' dir='ltr'><em>A</em></span> <span class='ocrx_word' id='word_1_3' title='bbox 501 156 702 212; x_wconf 78' lang='lat' dir='ltr'>snancrrorr¹</span> <span class='ocrx_word' id='word_1_4' title='bbox 718 157 823 204; x_wconf 79' lang='lat' dir='ltr'>rnoru</span> <span class='ocrx_word' id='word_1_5' title='bbox 845 157 916 206; x_wconf 79' lang='lat' dir='ltr'>rna</span> 
     </span>
    </p>
   </div>
   <div class='ocr_carea' id='block_1_2' title="bbox 183 315 1208 1082">
    <p class='ocr_par' dir='ltr' id='par_1_2' title="bbox 183 315 1208 1082">
     <span class='ocr_line' id='line_1_2' title="bbox 184 315 1186 394; baseline 0.005 -23"><span class='ocrx_word' id='word_1_6' title='bbox 184 315 317 374; x_wconf 87' lang='lat' dir='ltr'>avunculi</span> <span class='ocrx_word' id='word_1_7' title='bbox 341 315 399 374; x_wconf 91' lang='lat' dir='ltr'>mei</span> <span class='ocrx_word' id='word_1_8' title='bbox 424 316 526 393; x_wconf 84' lang='lat' dir='ltr'>scripsi</span> <span class='ocrx_word' id='word_1_9' title='bbox 551 335 657 393; x_wconf 91' lang='lat' dir='ltr'>cupere</span> <span class='ocrx_word' id='word_1_10' title='bbox 683 335 871 393; x_wconf 87' lang='lat' dir='ltr'>cognoscere,</span> <span class='ocrx_word' id='word_1_11' title='bbox 894 335 968 394; x_wconf 92' lang='lat' dir='ltr'>quos</span> <span class='ocrx_word' id='word_1_12' title='bbox 992 336 1049 394; x_wconf 89' lang='lat' dir='ltr'>ego</span> <span class='ocrx_word' id='word_1_13' title='bbox 1075 317 1186 380; x_wconf 87' lang='lat' dir='ltr'>Miseni</span> 
     </span>
     <span class='ocr_line' id='line_1_3' title="bbox 183 412 1185 494; baseline 0.007 -26"><span class='ocrx_word' id='word_1_14' title='bbox 183 412 296 470; x_wconf 91' lang='lat' dir='ltr'>relictus</span> <span class='ocrx_word' id='word_1_15' title='bbox 324 413 367 492; x_wconf 88' lang='lat' dir='ltr'>(id</span> <span class='ocrx_word' id='word_1_16' title='bbox 395 414 472 472; x_wconf 91' lang='lat' dir='ltr'>enim</span> <span class='ocrx_word' id='word_1_17' title='bbox 497 415 643 490; x_wconf 87' lang='lat' dir='ltr'>ingressus</span> <span class='ocrx_word' id='word_1_18' title='bbox 667 414 854 494; x_wconf 83' lang='lat' dir='ltr'>abruperam)</span> <span class='ocrx_word' id='word_1_19' title='bbox 879 434 941 475; x_wconf 92' lang='lat' dir='ltr'>non</span> <span class='ocrx_word' id='word_1_20' title='bbox 966 416 1062 475; x_wconf 90' lang='lat' dir='ltr'>solum</span> <span class='ocrx_word' id='word_1_21' title='bbox 1089 427 1185 475; x_wconf 88' lang='lat' dir='ltr'>metus</span> 
     </span>
     <span class='ocr_line' id='line_1_4' title="bbox 183 512 1184 590; baseline 0.006 -23"><span class='ocrx_word' id='word_1_22' title='bbox 183 528 283 568; x_wconf 90' lang='lat' dir='ltr'>verum</span> <span class='ocrx_word' id='word_1_23' title='bbox 308 513 394 570; x_wconf 87' lang='lat' dir='ltr'>etiam</span> <span class='ocrx_word' id='word_1_24' title='bbox 420 530 504 571; x_wconf 88' lang='lat' dir='ltr'>casus</span> <span class='ocrx_word' id='word_1_25' title='bbox 528 513 701 588; x_wconf 89' lang='lat' dir='ltr'>pertulerim.</span> <span class='ocrx_word' id='word_1_26' title='bbox 744 512 952 590; x_wconf 82' lang='lat' dir='ltr'><strong>‘Quamquam</strong></span> <span class='ocrx_word' id='word_1_27' title='bbox 980 516 1095 573; x_wconf 89' lang='lat' dir='ltr'>animus</span> <span class='ocrx_word' id='word_1_28' title='bbox 1122 533 1184 572; x_wconf 91' lang='lat' dir='ltr'>me·</span> 
     </span>
     <span class='ocr_line' id='line_1_5' title="bbox 183 609 1208 690; baseline 0.007 -27"><span class='ocrx_word' id='word_1_29' title='bbox 183 609 301 668; x_wconf 90' lang='lat' dir='ltr'>minisse</span> <span class='ocrx_word' id='word_1_30' title='bbox 320 611 424 677; x_wconf 90' lang='lat' dir='ltr'>horret,</span> <span class='ocrx_word' id='word_1_31' title='bbox 440 610 595 688; x_wconf 69' lang='lat' dir='ltr'>incipiam!</span> <span class='ocrx_word' id='word_1_32' title='bbox 638 611 774 671; x_wconf 86' lang='lat' dir='ltr'>Profecto</span> <span class='ocrx_word' id='word_1_33' title='bbox 794 613 937 672; x_wconf 89' lang='lat' dir='ltr'>avunculo</span> <span class='ocrx_word' id='word_1_34' title='bbox 958 614 1021 690; x_wconf 92' lang='lat' dir='ltr'>ipse</span> <span class='ocrx_word' id='word_1_35' title='bbox 1042 613 1208 690; x_wconf 88' lang='lat' dir='ltr'>reliquum5</span> 
     </span>
     <span class='ocr_line' id='line_1_6' title="bbox 183 708 1184 790; baseline 0.003 -26"><span class='ocrx_word' id='word_1_36' title='bbox 183 716 298 783; x_wconf 89' lang='lat' dir='ltr'>tempus</span> <span class='ocrx_word' id='word_1_37' title='bbox 333 710 432 769; x_wconf 90' lang='lat' dir='ltr'>studiis</span> <span class='ocrx_word' id='word_1_38' title='bbox 467 708 546 789; x_wconf 79' lang='lat' dir='ltr'>(ideo</span> <span class='ocrx_word' id='word_1_39' title='bbox 581 711 660 768; x_wconf 93' lang='lat' dir='ltr'>enirn</span> <span class='ocrx_word' id='word_1_40' title='bbox 694 709 903 790; x_wconf 82' lang='lat' dir='ltr'>remanseram)</span> <span class='ocrx_word' id='word_1_41' title='bbox 930 711 1071 788; x_wconf 89' lang='lat' dir='ltr'>inpendi:</span> <span class='ocrx_word' id='word_1_42' title='bbox 1112 728 1184 768; x_wconf 85' lang='lat' dir='ltr'>mox</span> 
     </span>
     <span class='ocr_line' id='line_1_7' title="bbox 183 805 1185 885; baseline 0.003 -23"><span class='ocrx_word' id='word_1_43' title='bbox 183 805 338 878; x_wconf 84' lang='lat' dir='ltr'>balineum,</span> <span class='ocrx_word' id='word_1_44' title='bbox 363 826 444 880; x_wconf 89' lang='lat' dir='ltr'>cena,</span> <span class='ocrx_word' id='word_1_45' title='bbox 469 826 590 867; x_wconf 89' lang='lat' dir='ltr'>somnus</span> <span class='ocrx_word' id='word_1_46' title='bbox 615 809 759 885; x_wconf 89' lang='lat' dir='ltr'>inquietus</span> <span class='ocrx_word' id='word_1_47' title='bbox 776 817 806 866; x_wconf 88' lang='lat' dir='ltr'>et</span> <span class='ocrx_word' id='word_1_48' title='bbox 830 809 933 867; x_wconf 90' lang='lat' dir='ltr'>brevis.</span> <span class='ocrx_word' id='word_1_49' title='bbox 985 809 1185 867; x_wconf 83' lang='lat' dir='ltr'>Praecesserat</span> 
     </span>
     <span class='ocr_line' id='line_1_8' title="bbox 183 905 1185 981; baseline 0 -19"><span class='ocrx_word' id='word_1_50' title='bbox 183 921 234 981; x_wconf 92' lang='lat' dir='ltr'>per</span> <span class='ocrx_word' id='word_1_51' title='bbox 261 905 368 963; x_wconf 92' lang='lat' dir='ltr'>multos</span> <span class='ocrx_word' id='word_1_52' title='bbox 400 906 462 963; x_wconf 90' lang='lat' dir='ltr'>dies</span> <span class='ocrx_word' id='word_1_53' title='bbox 490 915 598 963; x_wconf 90' lang='lat' dir='ltr'>tremor</span> <span class='ocrx_word' id='word_1_54' title='bbox 624 914 717 965; x_wconf 88' lang='lat' dir='ltr'>terrae</span> <span class='ocrx_word' id='word_1_55' title='bbox 745 906 842 964; x_wconf 89' lang='lat' dir='ltr'>minus</span> <span class='ocrx_word' id='word_1_56' title='bbox 870 905 1086 976; x_wconf 88' lang='lat' dir='ltr'>formidolosus,</span> <span class='ocrx_word' id='word_1_57' title='bbox 1116 906 1185 981; x_wconf 91' lang='lat' dir='ltr'>quia</span> 
     </span>
     <span class='ocr_line' id='line_1_9' title="bbox 183 997 1184 1082; baseline 0.001 -23"><span class='ocrx_word' id='word_1_58' title='bbox 183 1001 361 1079; x_wconf 83' lang='lat' dir='ltr'>Campaniae</span> <span class='ocrx_word' id='word_1_59' title='bbox 390 997 524 1082; x_wconf 44' lang='lat' dir='ltr'>solitus*</span> <span class='ocrx_word' id='word_1_60' title='bbox 548 1003 601 1062; x_wconf 90' lang='lat' dir='ltr'>Illa</span> <span class='ocrx_word' id='word_1_61' title='bbox 627 1022 695 1062; x_wconf 88' lang='lat' dir='ltr'>vero</span> <span class='ocrx_word' id='word_1_62' title='bbox 724 1012 810 1062; x_wconf 88' lang='lat' dir='ltr'>nocte</span> <span class='ocrx_word' id='word_1_63' title='bbox 841 1003 881 1062; x_wconf 90' lang='lat' dir='ltr'>ita</span> <span class='ocrx_word' id='word_1_64' title='bbox 908 1003 1034 1074; x_wconf 84' lang='lat' dir='ltr'>invaluit,</span> <span class='ocrx_word' id='word_1_65' title='bbox 1062 1012 1095 1062; x_wconf 93' lang='lat' dir='ltr'>ut</span> <span class='ocrx_word' id='word_1_66' title='bbox 1123 1022 1184 1062; x_wconf 91' lang='lat' dir='ltr'>non</span> 
     </span>
    </p>
   </div>
   <div class='ocr_carea' id='block_1_3' title="bbox 182 1101 1311 1178">
    <p class='ocr_par' dir='ltr' id='par_1_3' title="bbox 182 1101 1311 1178">
     <span class='ocr_line' id='line_1_10' title="bbox 182 1101 1311 1178; baseline 0.001 -20"><span class='ocrx_word' id='word_1_67' title='bbox 182 1103 291 1159; x_wconf 88' lang='lat' dir='ltr'>moveri</span> <span class='ocrx_word' id='word_1_68' title='bbox 313 1102 413 1160; x_wconf 86' lang='lat' dir='ltr'>omnia</span> <span class='ocrx_word' id='word_1_69' title='bbox 437 1103 491 1162; x_wconf 91' lang='lat' dir='ltr'>sed</span> <span class='ocrx_word' id='word_1_70' title='bbox 510 1104 581 1161; x_wconf 89' lang='lat' dir='ltr'>verti</span> <span class='ocrx_word' id='word_1_71' title='bbox 606 1102 798 1161; x_wconf 90' lang='lat' dir='ltr'>crederentur.</span> <span class='ocrx_word' id='word_1_72' title='bbox 850 1101 994 1178; x_wconf 88' lang='lat' dir='ltr'>Inrumpit</span> <span class='ocrx_word' id='word_1_73' title='bbox 1019 1101 1185 1160; x_wconf 90' lang='lat' dir='ltr'>cubiculum</span> <span class='ocrx_word' id='word_1_74' title='bbox 1196 1123 1226 1159; x_wconf 82' lang='grc' dir='ltr'>ιο</span> <span class='ocrx_word' id='word_1_75' title='bbox 1310 1163 1311 1178; x_wconf 19' lang='grc' dir='ltr'>ἶ</span> 
     </span>
    </p>
   </div>
   <div class='ocr_carea' id='block_1_4' title="bbox 182 1198 1224 2064">
    <p class='ocr_par' dir='ltr' id='par_1_4' title="bbox 182 1198 1224 2064">
     <span class='ocr_line' id='line_1_11' title="bbox 182 1198 1185 1277; baseline 0 -20"><span class='ocrx_word' id='word_1_76' title='bbox 182 1218 282 1259; x_wconf 89' lang='lat' dir='ltr'>meum</span> <span class='ocrx_word' id='word_1_77' title='bbox 300 1210 407 1258; x_wconf 91' lang='lat' dir='ltr'>mater:</span> <span class='ocrx_word' id='word_1_78' title='bbox 438 1201 593 1277; x_wconf 85' lang='lat' dir='ltr'>surgebam</span> <span class='ocrx_word' id='word_1_79' title='bbox 613 1200 747 1269; x_wconf 91' lang='lat' dir='ltr'>invicem,</span> <span class='ocrx_word' id='word_1_80' title='bbox 768 1200 792 1258; x_wconf 91' lang='lat' dir='ltr'>si</span> <span class='ocrx_word' id='word_1_81' title='bbox 814 1200 985 1276; x_wconf 88' lang='lat' dir='ltr'>quiesceret,</span> <span class='ocrx_word' id='word_1_82' title='bbox 1000 1198 1185 1258; x_wconf 73' lang='lat' dir='ltr'>excitaturus,</span> 
     </span>
     <span class='ocr_line' id='line_1_12' title="bbox 183 1298 1185 1374; baseline -0.001 -18"><span class='ocrx_word' id='word_1_83' title='bbox 183 1298 350 1357; x_wconf 90' lang='lat' dir='ltr'>Residimus</span> <span class='ocrx_word' id='word_1_84' title='bbox 384 1299 414 1356; x_wconf 94' lang='lat' dir='ltr'>in</span> <span class='ocrx_word' id='word_1_85' title='bbox 446 1317 513 1357; x_wconf 89' lang='lat' dir='ltr'>area</span> <span class='ocrx_word' id='word_1_86' title='bbox 547 1300 662 1369; x_wconf 72' lang='lat' dir='ltr'>domus</span> <span class='ocrx_word' id='word_1_87' title='bbox 692 1316 768 1374; x_wconf 89' lang='lat' dir='ltr'>quae</span> <span class='ocrx_word' id='word_1_88' title='bbox 795 1316 875 1356; x_wconf 91' lang='lat' dir='ltr'>mare</span> <span class='ocrx_word' id='word_1_89' title='bbox 909 1317 926 1356; x_wconf 89' lang='lat' dir='ltr'>a</span> <span class='ocrx_word' id='word_1_90' title='bbox 954 1298 1036 1356; x_wconf 88' lang='lat' dir='ltr'>tectis</span> <span class='ocrx_word' id='word_1_91' title='bbox 1063 1298 1185 1356; x_wconf 91' lang='lat' dir='ltr'>modico</span> 
     </span>
     <span class='ocr_line' id='line_1_13' title="bbox 182 1396 1185 1473; baseline -0.002 -19"><span class='ocrx_word' id='word_1_92' title='bbox 182 1397 276 1473; x_wconf 89' lang='lat' dir='ltr'>spatio</span> <span class='ocrx_word' id='word_1_93' title='bbox 306 1398 457 1456; x_wconf 89' lang='lat' dir='ltr'>dividebat.</span> <span class='ocrx_word' id='word_1_94' title='bbox 513 1396 622 1456; x_wconf 86' lang='lat' dir='ltr'>Dubito</span> <span class='ocrx_word' id='word_1_95' title='bbox 659 1396 855 1456; x_wconf 86' lang='lat' dir='ltr'>constantiam</span> <span class='ocrx_word' id='word_1_96' title='bbox 882 1413 986 1454; x_wconf 91' lang='lat' dir='ltr'>vocare</span> <span class='ocrx_word' id='word_1_97' title='bbox 1021 1414 1058 1453; x_wconf 91' lang='lat' dir='ltr'>an</span> <span class='ocrx_word' id='word_1_98' title='bbox 1086 1396 1185 1471; x_wconf 92' lang='lat' dir='ltr'>inpru-</span> 
     </span>
     <span class='ocr_line' id='line_1_14' title="bbox 183 1493 1184 1574; baseline -0.001 -21"><span class='ocrx_word' id='word_1_99' title='bbox 183 1494 311 1554; x_wconf 89' lang='lat' dir='ltr'>dentiam</span> <span class='ocrx_word' id='word_1_100' title='bbox 333 1497 455 1554; x_wconf 91' lang='lat' dir='ltr'>debeam</span> <span class='ocrx_word' id='word_1_101' title='bbox 481 1494 618 1574; x_wconf 80' lang='lat' dir='ltr'>(agebam</span> <span class='ocrx_word' id='word_1_102' title='bbox 637 1497 714 1554; x_wconf 89' lang='lat' dir='ltr'>enim</span> <span class='ocrx_word' id='word_1_103' title='bbox 734 1494 1022 1552; x_wconf 90' lang='lat' dir='ltr'>duodevicensimum</span> <span class='ocrx_word' id='word_1_104' title='bbox 1042 1493 1184 1573; x_wconf 77' lang='lat' dir='ltr'>annum):</span> 
     </span>
     <span class='ocr_line' id='line_1_15' title="bbox 182 1591 1224 1670; baseline -0.004 -18"><span class='ocrx_word' id='word_1_105' title='bbox 182 1610 275 1668; x_wconf 92' lang='lat' dir='ltr'>posco</span> <span class='ocrx_word' id='word_1_106' title='bbox 303 1594 408 1652; x_wconf 89' lang='lat' dir='ltr'>librum</span> <span class='ocrx_word' id='word_1_107' title='bbox 436 1593 496 1652; x_wconf 90' lang='lat' dir='ltr'>Titi</span> <span class='ocrx_word' id='word_1_108' title='bbox 528 1593 591 1652; x_wconf 92' lang='lat' dir='ltr'>Livi</span> <span class='ocrx_word' id='word_1_109' title='bbox 619 1603 648 1653; x_wconf 90' lang='lat' dir='ltr'>et</span> <span class='ocrx_word' id='word_1_110' title='bbox 675 1594 757 1670; x_wconf 86' lang='lat' dir='ltr'>quasi</span> <span class='ocrx_word' id='word_1_111' title='bbox 786 1611 838 1669; x_wconf 92' lang='lat' dir='ltr'>per</span> <span class='ocrx_word' id='word_1_112' title='bbox 873 1592 964 1650; x_wconf 91' lang='lat' dir='ltr'>otium</span> <span class='ocrx_word' id='word_1_113' title='bbox 999 1591 1065 1667; x_wconf 90' lang='lat' dir='ltr'>lego</span> <span class='ocrx_word' id='word_1_114' title='bbox 1096 1601 1183 1668; x_wconf 90' lang='lat' dir='ltr'>atque</span> <span class='ocrx_word' id='word_1_115' title='bbox 1196 1616 1224 1663; x_wconf 83' lang='lat'>15</span> 
     </span>
     <span class='ocr_line' id='line_1_16' title="bbox 183 1691 1183 1769; baseline -0.002 -19"><span class='ocrx_word' id='word_1_116' title='bbox 183 1693 278 1764; x_wconf 90' lang='lat' dir='ltr'>etiam,</span> <span class='ocrx_word' id='word_1_117' title='bbox 303 1703 334 1751; x_wconf 88' lang='lat' dir='ltr'>ut</span> <span class='ocrx_word' id='word_1_118' title='bbox 362 1711 526 1769; x_wconf 88' lang='lat' dir='ltr'>coeperam,</span> <span class='ocrx_word' id='word_1_119' title='bbox 550 1711 684 1768; x_wconf 87' lang='lat' dir='ltr'>excerpo.</span> <span class='ocrx_word' id='word_1_120' title='bbox 726 1691 804 1750; x_wconf 88' lang='lat' dir='ltr'>Ecce</span> <span class='ocrx_word' id='word_1_121' title='bbox 828 1691 939 1750; x_wconf 92' lang='lat' dir='ltr'>amicus</span> <span class='ocrx_word' id='word_1_122' title='bbox 967 1691 1110 1760; x_wconf 91' lang='lat' dir='ltr'>avunculi,</span> <span class='ocrx_word' id='word_1_123' title='bbox 1134 1692 1183 1768; x_wconf 91' lang='lat' dir='ltr'>qui</span> 
     </span>
     <span class='ocr_line' id='line_1_17' title="bbox 183 1771 1183 1867; baseline 0 -21"><span class='ocrx_word' id='word_1_124' title='bbox 183 1809 276 1867; x_wconf 90' lang='lat' dir='ltr'>nuper</span> <span class='ocrx_word' id='word_1_125' title='bbox 304 1791 342 1849; x_wconf 95' lang='lat' dir='ltr'>ad</span> <span class='ocrx_word' id='word_1_126' title='bbox 370 1771 437 1849; x_wconf 82' lang='lat' dir='ltr'>etim</span> <span class='ocrx_word' id='word_1_127' title='bbox 472 1810 508 1849; x_wconf 86' lang='lat' dir='ltr'>ex</span> <span class='ocrx_word' id='word_1_128' title='bbox 540 1790 685 1867; x_wconf 86' lang='lat' dir='ltr'>Hispania</span> <span class='ocrx_word' id='word_1_129' title='bbox 713 1800 840 1862; x_wconf 89' lang='lat' dir='ltr'>venerat,</span> <span class='ocrx_word' id='word_1_130' title='bbox 868 1799 901 1848; x_wconf 89' lang='lat' dir='ltr'>ut</span> <span class='ocrx_word' id='word_1_131' title='bbox 929 1808 978 1847; x_wconf 91' lang='lat' dir='ltr'>me</span> <span class='ocrx_word' id='word_1_132' title='bbox 1004 1798 1033 1846; x_wconf 90' lang='lat' dir='ltr'>et</span> <span class='ocrx_word' id='word_1_133' title='bbox 1060 1799 1183 1847; x_wconf 89' lang='lat' dir='ltr'>matrem</span> 
     </span>
     <span class='ocr_line' id='line_1_18' title="bbox 184 1889 1182 1973; baseline -0.002 -25"><span class='ocrx_word' id='word_1_134' title='bbox 184 1891 327 1961; x_wconf 90' lang='lat' dir='ltr'>sedentes,</span> <span class='ocrx_word' id='word_1_135' title='bbox 351 1908 398 1948; x_wconf 93' lang='lat' dir='ltr'>me</span> <span class='ocrx_word' id='word_1_136' title='bbox 412 1908 490 1973; x_wconf 72' lang='lat' dir='ltr'>¹vero</span> <span class='ocrx_word' id='word_1_137' title='bbox 516 1890 603 1948; x_wconf 89' lang='lat' dir='ltr'>etiam</span> <span class='ocrx_word' id='word_1_138' title='bbox 626 1890 772 1966; x_wconf 89' lang='lat' dir='ltr'>legentem</span> <span class='ocrx_word' id='word_1_139' title='bbox 796 1890 882 1962; x_wconf 90' lang='lat' dir='ltr'>videt,</span> <span class='ocrx_word' id='word_1_140' title='bbox 905 1889 979 1947; x_wconf 91' lang='lat' dir='ltr'>illius</span> <span class='ocrx_word' id='word_1_141' title='bbox 1004 1889 1182 1964; x_wconf 87' lang='lat' dir='ltr'>patientiam,</span> 
     </span>
     <span class='ocr_line' id='line_1_19' title="bbox 184 1983 1182 2064; baseline -0.001 -17"><span class='ocrx_word' id='word_1_142' title='bbox 184 1983 366 2048; x_wconf 86' lang='lat' dir='ltr'>securitatem</span> <span class='ocrx_word' id='word_1_143' title='bbox 394 2006 490 2046; x_wconf 90' lang='lat' dir='ltr'>meam</span> <span class='ocrx_word' id='word_1_144' title='bbox 518 1989 646 2063; x_wconf 87' lang='lat' dir='ltr'>corripit.</span> <span class='ocrx_word' id='word_1_145' title='bbox 698 1988 798 2046; x_wconf 89' lang='lat' dir='ltr'>Nihilo</span> <span class='ocrx_word' id='word_1_146' title='bbox 824 1989 942 2064; x_wconf 84' lang='lat' dir='ltr'>segnius</span> <span class='ocrx_word' id='word_1_147' title='bbox 970 2005 1026 2064; x_wconf 88' lang='lat' dir='ltr'>ego</span> <span class='ocrx_word' id='word_1_148' title='bbox 1054 1988 1182 2046; x_wconf 89' lang='lat' dir='ltr'>intentus</span> 
     </span>
    </p>
   </div>
   <div class='ocr_carea' id='block_1_5' title="bbox 182 2086 1314 2162">
    <p class='ocr_par' dir='ltr' id='par_1_5' title="bbox 182 2086 1314 2162">
     <span class='ocr_line' id='line_1_20' title="bbox 182 2086 1314 2162; baseline -0.002 -16"><span class='ocrx_word' id='word_1_149' title='bbox 182 2089 214 2146; x_wconf 93' lang='lat' dir='ltr'>in</span> <span class='ocrx_word' id='word_1_150' title='bbox 232 2088 344 2145; x_wconf 92' lang='lat' dir='ltr'>librum.</span> <span class='ocrx_word' id='word_1_151' title='bbox 388 2086 451 2144; x_wconf 92' lang='lat' dir='ltr'>Iam</span> <span class='ocrx_word' id='word_1_152' title='bbox 470 2086 542 2144; x_wconf 89' lang='lat' dir='ltr'>hora</span> <span class='ocrx_word' id='word_1_153' title='bbox 563 2086 620 2144; x_wconf 89' lang='lat' dir='ltr'>diei</span> <span class='ocrx_word' id='word_1_154' title='bbox 639 2089 741 2162; x_wconf 88' lang='lat' dir='ltr'>prima,</span> <span class='ocrx_word' id='word_1_155' title='bbox 760 2098 788 2147; x_wconf 90' lang='lat' dir='ltr'>et</span> <span class='ocrx_word' id='word_1_156' title='bbox 809 2089 905 2147; x_wconf 90' lang='lat' dir='ltr'>adhuc</span> <span class='ocrx_word' id='word_1_157' title='bbox 925 2087 1029 2146; x_wconf 91' lang='lat' dir='ltr'>dubius</span> <span class='ocrx_word' id='word_1_158' title='bbox 1051 2096 1079 2144; x_wconf 93' lang='lat' dir='ltr'>et</span> <span class='ocrx_word' id='word_1_159' title='bbox 1100 2086 1225 2162; x_wconf 86' lang='lat' dir='ltr'>quasi20</span> <span class='ocrx_word' id='word_1_160' title='bbox 1313 2123 1314 2160; x_wconf 71' lang='lat'>3</span> 
     </span>
    </p>
   </div>
   <div class='ocr_carea' id='block_1_6' title="bbox 159 2185 1223 3645">
    <p class='ocr_par' dir='ltr' id='par_1_6' title="bbox 159 2185 1223 3645">
     <span class='ocr_line' id='line_1_21' title="bbox 182 2185 1182 2264; baseline -0.003 -20"><span class='ocrx_word' id='word_1_161' title='bbox 182 2187 336 2264; x_wconf 87' lang='lat' dir='ltr'>languidus</span> <span class='ocrx_word' id='word_1_162' title='bbox 351 2187 428 2246; x_wconf 92' lang='lat' dir='ltr'>dies:</span> <span class='ocrx_word' id='word_1_163' title='bbox 458 2186 517 2245; x_wconf 91' lang='lat' dir='ltr'>iam</span> <span class='ocrx_word' id='word_1_164' title='bbox 530 2187 674 2263; x_wconf 89' lang='lat' dir='ltr'>quassatis</span> <span class='ocrx_word' id='word_1_165' title='bbox 690 2187 960 2247; x_wconf 91' lang='lat' dir='ltr'>circumiacentibus</span> <span class='ocrx_word' id='word_1_166' title='bbox 974 2185 1065 2256; x_wconf 86' lang='lat' dir='ltr'>tectis,</span> <span class='ocrx_word' id='word_1_167' title='bbox 1080 2203 1182 2261; x_wconf 87' lang='lat' dir='ltr'>quam-</span> 
     </span>
     <span class='ocr_line' id='line_1_22' title="bbox 183 2286 1181 2362; baseline -0.003 -17"><span class='ocrx_word' id='word_1_168' title='bbox 183 2304 271 2362; x_wconf 93' lang='lat' dir='ltr'>quam</span> <span class='ocrx_word' id='word_1_169' title='bbox 298 2287 328 2344; x_wconf 92' lang='lat' dir='ltr'>in</span> <span class='ocrx_word' id='word_1_170' title='bbox 356 2295 457 2362; x_wconf 90' lang='lat' dir='ltr'>aperto</span> <span class='ocrx_word' id='word_1_171' title='bbox 484 2286 557 2358; x_wconf 88' lang='lat' dir='ltr'>locu,</span> <span class='ocrx_word' id='word_1_172' title='bbox 587 2297 712 2362; x_wconf 88' lang='lat' dir='ltr'>angusto</span> <span class='ocrx_word' id='word_1_173' title='bbox 740 2296 848 2356; x_wconf 86' lang='lat' dir='ltr'>tamen,</span> <span class='ocrx_word' id='word_1_174' title='bbox 875 2303 1001 2362; x_wconf 88' lang='lat' dir='ltr'>magnus</span> <span class='ocrx_word' id='word_1_175' title='bbox 1029 2294 1058 2342; x_wconf 92' lang='lat' dir='ltr'>et</span> <span class='ocrx_word' id='word_1_176' title='bbox 1085 2292 1181 2342; x_wconf 90' lang='lat' dir='ltr'>certus</span> 
     </span>
     <span class='ocr_line' id='line_1_23' title="bbox 182 2383 1181 2460; baseline -0.003 -18"><span class='ocrx_word' id='word_1_177' title='bbox 182 2385 280 2443; x_wconf 91' lang='lat' dir='ltr'>ruinae</span> <span class='ocrx_word' id='word_1_178' title='bbox 303 2395 405 2444; x_wconf 91' lang='lat' dir='ltr'>metus.</span> <span class='ocrx_word' id='word_1_179' title='bbox 446 2385 526 2443; x_wconf 91' lang='lat' dir='ltr'>Tum</span> <span class='ocrx_word' id='word_1_180' title='bbox 549 2385 669 2442; x_wconf 87' lang='lat' dir='ltr'>demum</span> <span class='ocrx_word' id='word_1_181' title='bbox 693 2384 834 2443; x_wconf 82' lang='lat' dir='ltr'>excedere</span> <span class='ocrx_word' id='word_1_182' title='bbox 858 2383 969 2460; x_wconf 94' lang='lat' dir='ltr'>oppido</span> <span class='ocrx_word' id='word_1_183' title='bbox 992 2383 1103 2442; x_wconf 89' lang='lat' dir='ltr'>visum:</span> <span class='ocrx_word' id='word_1_184' title='bbox 1135 2400 1181 2440; x_wconf 89' lang='lat' dir='ltr'>se-</span> 
     </span>
     <span class='ocr_line' id='line_1_24' title="bbox 182 2481 1181 2558; baseline -0.001 -19"><span class='ocrx_word' id='word_1_185' title='bbox 182 2483 278 2557; x_wconf 92' lang='lat' dir='ltr'>quitur</span> <span class='ocrx_word' id='word_1_186' title='bbox 304 2484 406 2558; x_wconf 89' lang='lat' dir='ltr'>vulgus</span> <span class='ocrx_word' id='word_1_187' title='bbox 436 2484 599 2552; x_wconf 90' lang='lat' dir='ltr'>attonitum,</span> <span class='ocrx_word' id='word_1_188' title='bbox 627 2482 764 2558; x_wconf 92' lang='lat' dir='ltr'>quodque</span> <span class='ocrx_word' id='word_1_189' title='bbox 792 2483 823 2539; x_wconf 91' lang='lat' dir='ltr'>in</span> <span class='ocrx_word' id='word_1_190' title='bbox 850 2499 958 2558; x_wconf 90' lang='lat' dir='ltr'>pavore</span> <span class='ocrx_word' id='word_1_191' title='bbox 993 2481 1085 2540; x_wconf 90' lang='lat' dir='ltr'>simile</span> <span class='ocrx_word' id='word_1_192' title='bbox 1113 2499 1181 2556; x_wconf 92' lang='lat' dir='ltr'>pru-</span> 
     </span>
     <span class='ocr_line' id='line_1_25' title="bbox 183 2579 1222 2656; baseline -0.004 -18"><span class='ocrx_word' id='word_1_193' title='bbox 183 2579 305 2650; x_wconf 91' lang='lat' dir='ltr'>dentiae,</span> <span class='ocrx_word' id='word_1_194' title='bbox 328 2582 453 2640; x_wconf 89' lang='lat' dir='ltr'>alienum</span> <span class='ocrx_word' id='word_1_195' title='bbox 477 2581 630 2639; x_wconf 91' lang='lat' dir='ltr'>consilium</span> <span class='ocrx_word' id='word_1_196' title='bbox 651 2599 704 2638; x_wconf 92' lang='lat' dir='ltr'>suo</span> <span class='ocrx_word' id='word_1_197' title='bbox 727 2580 851 2656; x_wconf 81' lang='lat' dir='ltr'>praefert</span> <span class='ocrx_word' id='word_1_198' title='bbox 873 2580 1042 2656; x_wconf 85' lang='lat' dir='ltr'>ingentique</span> <span class='ocrx_word' id='word_1_199' title='bbox 1065 2579 1222 2654; x_wconf 83' lang='lat' dir='ltr'>agmine25</span> 
     </span>
     <span class='ocr_line' id='line_1_26' title="bbox 159 2677 1180 2763; baseline -0.002 -29"><span class='ocrx_word' id='word_1_200' title='bbox 159 2679 322 2763; x_wconf 32' lang='lat' dir='ltr'>babeuntes</span> <span class='ocrx_word' id='word_1_201' title='bbox 357 2680 462 2755; x_wconf 90' lang='lat' dir='ltr'>premit</span> <span class='ocrx_word' id='word_1_202' title='bbox 497 2689 526 2738; x_wconf 91' lang='lat' dir='ltr'>et</span> <span class='ocrx_word' id='word_1_203' title='bbox 559 2679 678 2754; x_wconf 81' lang='lat' dir='ltr'>inpellit</span> <span class='ocrx_word' id='word_1_204' title='bbox 730 2678 848 2755; x_wconf 87' lang='lat' dir='ltr'>Egressi</span> <span class='ocrx_word' id='word_1_205' title='bbox 881 2689 958 2738; x_wconf 88' lang='lat' dir='ltr'>tecta</span> <span class='ocrx_word' id='word_1_206' title='bbox 985 2677 1180 2736; x_wconf 89' lang='lat' dir='ltr'>consistimus.</span> 
     </span>
     <span class='ocr_line' id='line_1_27' title="bbox 183 2775 1181 2854; baseline -0.002 -20"><span class='ocrx_word' id='word_1_207' title='bbox 183 2775 277 2835; x_wconf 89' lang='lat' dir='ltr'>Multa</span> <span class='ocrx_word' id='word_1_208' title='bbox 299 2778 337 2835; x_wconf 94' lang='lat' dir='ltr'>ibi</span> <span class='ocrx_word' id='word_1_209' title='bbox 357 2779 497 2848; x_wconf 87' lang='lat' dir='ltr'>miranda,</span> <span class='ocrx_word' id='word_1_210' title='bbox 511 2778 616 2837; x_wconf 90' lang='lat' dir='ltr'>multas</span> <span class='ocrx_word' id='word_1_211' title='bbox 638 2777 807 2837; x_wconf 87' lang='lat' dir='ltr'>formidines</span> <span class='ocrx_word' id='word_1_212' title='bbox 829 2779 962 2854; x_wconf 90' lang='lat' dir='ltr'>patimur.</span> <span class='ocrx_word' id='word_1_213' title='bbox 1005 2775 1085 2834; x_wconf 89' lang='lat' dir='ltr'>Nam</span> <span class='ocrx_word' id='word_1_214' title='bbox 1103 2775 1181 2834; x_wconf 89' lang='lat' dir='ltr'>vehi-</span> 
     </span>
     <span class='ocr_line' id='line_1_28' title="bbox 182 2876 1181 2954; baseline -0.001 -19"><span class='ocrx_word' id='word_1_215' title='bbox 182 2876 247 2935; x_wconf 91' lang='lat' dir='ltr'>cula</span> <span class='ocrx_word' id='word_1_216' title='bbox 281 2895 355 2953; x_wconf 88' lang='lat' dir='ltr'>quae</span> <span class='ocrx_word' id='word_1_217' title='bbox 383 2878 504 2954; x_wconf 93' lang='lat' dir='ltr'>produci</span> <span class='ocrx_word' id='word_1_218' title='bbox 532 2879 715 2948; x_wconf 87' lang='lat' dir='ltr'>iusseramus,</span> <span class='ocrx_word' id='word_1_219' title='bbox 744 2896 922 2954; x_wconf 90' lang='lat' dir='ltr'>quamquam</span> <span class='ocrx_word' id='word_1_220' title='bbox 952 2878 982 2935; x_wconf 91' lang='lat' dir='ltr'>in</span> <span class='ocrx_word' id='word_1_221' title='bbox 1011 2877 1181 2953; x_wconf 90' lang='lat' dir='ltr'>planissimo</span> 
     </span>
     <span class='ocr_line' id='line_1_29' title="bbox 182 2975 1180 3053; baseline -0.005 -18"><span class='ocrx_word' id='word_1_222' title='bbox 182 2995 298 3053; x_wconf 87' lang='lat' dir='ltr'>campo,</span> <span class='ocrx_word' id='word_1_223' title='bbox 313 2977 343 3032; x_wconf 92' lang='lat' dir='ltr'>in</span> <span class='ocrx_word' id='word_1_224' title='bbox 363 2978 521 3035; x_wconf 89' lang='lat' dir='ltr'>contrarias</span> <span class='ocrx_word' id='word_1_225' title='bbox 541 2986 636 3053; x_wconf 90' lang='lat' dir='ltr'>partes</span> <span class='ocrx_word' id='word_1_226' title='bbox 658 2976 818 3052; x_wconf 88' lang='lat' dir='ltr'>agebantur</span> <span class='ocrx_word' id='word_1_227' title='bbox 839 2996 873 3035; x_wconf 90' lang='lat' dir='ltr'>ac</span> <span class='ocrx_word' id='word_1_228' title='bbox 894 2994 932 3033; x_wconf 91' lang='lat' dir='ltr'>ne</span> <span class='ocrx_word' id='word_1_229' title='bbox 953 2976 1096 3051; x_wconf 88' lang='lat' dir='ltr'>lapidibus</span> <span class='ocrx_word' id='word_1_230' title='bbox 1118 2975 1180 3050; x_wconf 89' lang='lat' dir='ltr'>qui·</span> 
     </span>
     <span class='ocr_line' id='line_1_30' title="bbox 182 3074 1223 3151; baseline -0.008 -17"><span class='ocrx_word' id='word_1_231' title='bbox 182 3077 250 3134; x_wconf 89' lang='lat' dir='ltr'>dem</span> <span class='ocrx_word' id='word_1_232' title='bbox 276 3074 346 3132; x_wconf 84' lang='lat' dir='ltr'>fulta</span> <span class='ocrx_word' id='word_1_233' title='bbox 367 3075 396 3130; x_wconf 92' lang='lat' dir='ltr'>in</span> <span class='ocrx_word' id='word_1_234' title='bbox 417 3075 522 3132; x_wconf 88' lang='lat' dir='ltr'>eodem</span> <span class='ocrx_word' id='word_1_235' title='bbox 542 3075 665 3151; x_wconf 90' lang='lat' dir='ltr'>vestigio</span> <span class='ocrx_word' id='word_1_236' title='bbox 688 3075 884 3150; x_wconf 90' lang='lat' dir='ltr'>quiescebant.</span> <span class='ocrx_word' id='word_1_237' title='bbox 926 3074 1079 3132; x_wconf 86' lang='lat' dir='ltr'>Praeterea</span> <span class='ocrx_word' id='word_1_238' title='bbox 1100 3091 1223 3140; x_wconf 82' lang='lat' dir='ltr'>mare30</span> 
     </span>
     <span class='ocr_line' id='line_1_31' title="bbox 181 3159 1180 3259; baseline -0.003 -27"><span class='ocrx_word' id='word_1_239' title='bbox 181 3175 212 3232; x_wconf 91' lang='lat' dir='ltr'>in</span> <span class='ocrx_word' id='word_1_240' title='bbox 237 3193 268 3233; x_wconf 91' lang='lat' dir='ltr'>se</span> <span class='ocrx_word' id='word_1_241' title='bbox 292 3173 432 3230; x_wconf 90' lang='lat' dir='ltr'>resorberi</span> <span class='ocrx_word' id='word_1_242' title='bbox 454 3182 483 3230; x_wconf 89' lang='lat' dir='ltr'>et</span> <span class='ocrx_word' id='word_1_243' title='bbox 504 3181 630 3232; x_wconf 90' lang='lat' dir='ltr'>tremore</span> <span class='ocrx_word' id='word_1_244' title='bbox 654 3183 746 3259; x_wconf 80' lang='lat' dir='ltr'>terrae</span> <span class='ocrx_word' id='word_1_245' title='bbox 771 3159 855 3249; x_wconf 88' lang='lat' dir='ltr'>quasi</span> <span class='ocrx_word' id='word_1_246' title='bbox 878 3171 976 3248; x_wconf 92' lang='lat' dir='ltr'>repelli</span> <span class='ocrx_word' id='word_1_247' title='bbox 1000 3171 1180 3230; x_wconf 90' lang='lat' dir='ltr'>videbamus.</span> 
     </span>
     <span class='ocr_line' id='line_1_32' title="bbox 183 3269 1179 3348; baseline -0.004 -16"><span class='ocrx_word' id='word_1_248' title='bbox 183 3273 268 3332; x_wconf 88' lang='lat' dir='ltr'>Certe</span> <span class='ocrx_word' id='word_1_249' title='bbox 293 3280 472 3347; x_wconf 90' lang='lat' dir='ltr'>processerat</span> <span class='ocrx_word' id='word_1_250' title='bbox 493 3271 558 3329; x_wconf 90' lang='lat' dir='ltr'>litus</span> <span class='ocrx_word' id='word_1_251' title='bbox 577 3272 726 3348; x_wconf 87' lang='lat' dir='ltr'>multaque</span> <span class='ocrx_word' id='word_1_252' title='bbox 751 3271 886 3329; x_wconf 89' lang='lat' dir='ltr'>animalia</span> <span class='ocrx_word' id='word_1_253' title='bbox 910 3269 998 3328; x_wconf 88' lang='lat' dir='ltr'>maris</span> <span class='ocrx_word' id='word_1_254' title='bbox 1023 3270 1106 3328; x_wconf 88' lang='lat' dir='ltr'>siccis</span> <span class='ocrx_word' id='word_1_255' title='bbox 1128 3269 1179 3328; x_wconf 90' lang='lat' dir='ltr'>ha-</span> 
     </span>
     <span class='ocr_line' id='line_1_33' title="bbox 181 3369 1180 3430; baseline -0.002 -2"><span class='ocrx_word' id='word_1_256' title='bbox 181 3373 257 3429; x_wconf 90' lang='lat' dir='ltr'>renis</span> <span class='ocrx_word' id='word_1_257' title='bbox 286 3370 440 3429; x_wconf 87' lang='lat' dir='ltr'>detinebat.</span> <span class='ocrx_word' id='word_1_258' title='bbox 491 3369 538 3427; x_wconf 88' lang='lat' dir='ltr'>Ab</span> <span class='ocrx_word' id='word_1_259' title='bbox 561 3370 650 3428; x_wconf 86' lang='lat' dir='ltr'>altero</span> <span class='ocrx_word' id='word_1_260' title='bbox 673 3371 762 3430; x_wconf 90' lang='lat' dir='ltr'>latere</span> <span class='ocrx_word' id='word_1_261' title='bbox 784 3371 878 3428; x_wconf 90' lang='lat' dir='ltr'>nubes</span> <span class='ocrx_word' id='word_1_262' title='bbox 901 3379 962 3427; x_wconf 85' lang='lat' dir='ltr'>atra</span> <span class='ocrx_word' id='word_1_263' title='bbox 984 3377 1012 3426; x_wconf 91' lang='lat' dir='ltr'>et</span> <span class='ocrx_word' id='word_1_264' title='bbox 1034 3369 1180 3427; x_wconf 87' lang='lat' dir='ltr'>horrenda</span> 
     </span>
     <span class='ocr_line' id='line_1_34' title="bbox 181 3468 1179 3546; baseline 0 -21"><span class='ocrx_word' id='word_1_265' title='bbox 181 3469 260 3545; x_wconf 89' lang='lat' dir='ltr'>ignei</span> <span class='ocrx_word' id='word_1_266' title='bbox 284 3472 397 3546; x_wconf 89' lang='lat' dir='ltr'>spiritus</span> <span class='ocrx_word' id='word_1_267' title='bbox 418 3471 501 3529; x_wconf 88' lang='lat' dir='ltr'>tortis</span> <span class='ocrx_word' id='word_1_268' title='bbox 521 3471 694 3546; x_wconf 91' lang='lat' dir='ltr'>vibratisque</span> <span class='ocrx_word' id='word_1_269' title='bbox 716 3470 893 3528; x_wconf 91' lang='lat' dir='ltr'>discursibus</span> <span class='ocrx_word' id='word_1_270' title='bbox 914 3479 998 3544; x_wconf 89' lang='lat' dir='ltr'>rupta</span> <span class='ocrx_word' id='word_1_271' title='bbox 1019 3469 1050 3526; x_wconf 89' lang='lat' dir='ltr'>in</span> <span class='ocrx_word' id='word_1_272' title='bbox 1075 3468 1179 3543; x_wconf 86' lang='lat' dir='ltr'>longas</span> 
     </span>
     <span class='ocr_line' id='line_1_35' title="bbox 181 3565 1220 3645; baseline 0.001 -20"><span class='ocrx_word' id='word_1_273' title='bbox 181 3567 364 3626; x_wconf 88' lang='lat' dir='ltr'>flammarum</span> <span class='ocrx_word' id='word_1_274' title='bbox 388 3569 494 3645; x_wconf 88' lang='lat' dir='ltr'>figuras</span> <span class='ocrx_word' id='word_1_275' title='bbox 519 3568 702 3628; x_wconf 87' lang='lat' dir='ltr'>dehiscebat:</span> <span class='ocrx_word' id='word_1_276' title='bbox 737 3568 897 3645; x_wconf 86' lang='lat' dir='ltr'>fulguribus</span> <span class='ocrx_word' id='word_1_277' title='bbox 923 3568 987 3626; x_wconf 89' lang='lat' dir='ltr'>illae</span> <span class='ocrx_word' id='word_1_278' title='bbox 1015 3576 1043 3625; x_wconf 92' lang='lat' dir='ltr'>et</span> <span class='ocrx_word' id='word_1_279' title='bbox 1072 3565 1220 3632; x_wconf 74' lang='lat' dir='ltr'>similesar</span> 
     </span>
    </p>
   </div>
   <div class='ocr_carea' id='block_1_7' title="bbox 0 0 1328 3914">
    <p class='ocr_par' dir='ltr' id='par_1_7' title="bbox 0 0 1328 3914">
     <span class='ocr_line' id='line_1_36' title="bbox 0 0 1328 3914; baseline 0 0"><span class='ocrx_word' id='word_1_280' title='bbox 0 0 1328 3914; x_wconf 95' lang='lat' dir='ltr'> </span> 
     </span>
    </p>
   </div>
  </div>
 </body>
</html>
