2646 3914
186 147 345 196 LETTERS
369 149 412 197 OF
434 151 462 200 C.
477 151 627 198 PLINIUS
649 151 837 201 ennomus
859 127 1051 198 ¹SECUNDUS.
1099 147 1139 214 73

139 319 201 359 una
228 303 340 375 vellem,
364 303 432 363 facit
456 306 589 382 copiam:
623 307 760 382 respondi
784 307 898 366 studere
923 324 970 363 me
991 301 1085 367 malle,
1112 309 1140 356 et

139 398 215 457 forte
234 397 305 477 ‘ipse
334 403 415 478 quod
439 405 594 463 scriberem
622 407 749 465 dederat.
800 405 1010 482 Egrediebatur
1033 401 1139 460 domo:

139 499 247 575 accipit
267 500 415 560 codicillos
437 502 578 562 Rectinae
599 503 687 563 Tasci
712 505 863 562 inminenti
891 501 1020 580 periculo
1048 508 1139 558 exter-

57 613 131 737 >go
139 599 212 656 ritae
227 596 309 676 (nam
323 599 388 658 villa
408 601 469 661 eius
491 603 665 672 subiacebat,
682 621 736 662 nec
755 603 813 661 ulla
831 603 885 660 nisi
905 603 1024 659 navibus
1038 597 1137 677 fuga):

139 707 173 754 ut
188 715 219 755 se
233 707 316 756 tanto
336 699 492 758 discrimini
511 701 632 778 eriperet
653 701 899 781 orabat.)tVertit
919 700 964 758 ille
987 697 1140 756 consilium

140 804 172 854 et
185 796 265 872 quod
281 798 413 857 studioso
427 801 526 858 animo
545 799 730 859 inchoaverat
751 800 814 858 obit
833 799 970 856 maximo.
1013 796 1141 855 Deducit

141 896 347 970 quadriremes
370 899 501 957 ascendit
522 900 584 975 ipse
606 917 668 957 non
689 897 829 957 Rectinae
852 897 943 954 modo
966 896 1018 953 sed
1042 895 1139 952 multis

140 990 307 1071 (eratenim
327 995 462 1074 frequens
484 999 645 1057 amoenitas
663 995 743 1076 orae)
758 997 865 1055 laturus
880 995 1025 1055 auxilium.
1067 994 1139 1051 Pro-

98 1108 129 1159 35
140 1101 223 1168 perat
237 1092 303 1152 illuc
317 1094 396 1153 unde
415 1096 460 1154 alii
479 1095 593 1172 fugiunt
606 1106 775 1171 rectumque
795 1113 920 1165 cursum,
935 1103 1013 1152 recta
1034 1093 1138 1169 guber-

144 1191 251 1250 nacula
265 1194 295 1250 in
310 1193 470 1268 periculum
484 1205 571 1266 tenet,
587 1193 660 1252 adeo
676 1194 787 1252 solutus
802 1203 889 1264 metu,
904 1203 935 1250 ut
949 1211 1053 1250 omnes
1067 1190 1140 1249 iliius

140 1291 209 1348 mali
233 1301 338 1362 motus,
361 1310 464 1351 omnes
486 1293 602 1369 figuras,
626 1303 659 1351 ut
683 1293 875 1370 deprenderat
899 1291 997 1362 oculis
1020 1290 1139 1348 dictaret

140 1400 338 1467 enotaretque.
359 1421 375 1468 q
394 1391 457 1449 Iam
492 1393 612 1451 navibus
638 1392 711 1450 einis
746 1392 900 1460 incidebat,
928 1409 988 1466 quo
1018 1390 1138 1467 propius

140 1489 320 1561 accederent,
340 1477 505 1549 calidior'et
524 1492 647 1562 densior,
667 1492 726 1548 iam
747 1492 878 1566 pumices
899 1491 986 1548 etiam
1007 1490 1138 1566 nigrique

99 1608 131 1655 40
139 1598 169 1646 et
184 1589 310 1647 ambusti
323 1600 351 1647 et
370 1590 451 1648 fracti
470 1591 537 1667 igne
559 1590 678 1667 lapides,
693 1591 751 1647 iam
771 1590 878 1648 vadum
898 1588 1022 1647 subitum
1043 1590 1138 1646 ruina-
1239 1595 1255 1604 ”

140 1706 199 1763 que
223 1690 331 1746 montis
355 1689 439 1748 litora
461 1692 614 1749 obstantia.
667 1689 827 1748 Cunctatus
849 1688 976 1764 paulurn,
1002 1706 1039 1747 an
1061 1697 1137 1746 retro

140 1785 276 1856 flecteret,
301 1804 371 1845 mox
396 1789 582 1864 gubernatori
608 1798 639 1847 ut
664 1789 703 1846 ita
725 1787 832 1846 faceret
854 1788 986 1846 monenti
1014 1785 1136 1844 ‘fortes'

140 1885 233 1961 inquit
262 1884 395 1944 ‘fortuna
422 1887 506 1954 iuvat,
534 1887 771 1965 Pomponianum
800 1886 883 1964 pete!
937 1884 1041 1944 Stabiis
1069 1893 1137 1955 erat,

141 1984 300 2060 diremptus
320 1985 384 2043 sinu
405 1987 502 2045 medio
524 1990 605 2061 (narn
627 1988 735 2046 sensim
757 1987 937 2046 circumactis
958 1986 1138 2062 curvatisque
1159 2053 1161 2058 Ι

98 2097 130 2148 45
140 2083 270 2142 btoribus
285 2102 364 2141 mare
378 2083 548 2164 infunditur)
561 2105 568 2145 ε
598 2087 645 2158 ibi,
661 2105 839 2164 quamquam
856 2086 989 2144 nondum
1008 2084 1174 2242 pewfs
1185 2073 1223 2141 2²:-

13 2163 16 2212 ἶ
140 2181 399 2260 adpropinquante,
415 2185 575 2261 conspicuo
590 2195 689 2243 tamen
706 2196 734 2244 et
753 2204 819 2243 cum
840 2195 979 2242 cresceret
993 2202 1046 2260 pro
1120 2167 1136 2253 λ’,

141 2283 268 2340 sarcinas
283 2282 441 2341 contuierat
454 2284 485 2340 in
499 2302 588 2342 naves
603 2293 696 2342 certus
714 2285 810 2359 fugae,
825 2275 849 2342 si
863 2283 1021 2342 contrarius
1036 2291 1137 2338 ventus

139 2381 301 2440 resedisset.
346 2381 414 2453 Quo
436 2393 506 2440 tunc
526 2383 684 2442 avunculus
706 2402 788 2442 meus
801 2381 1020 2441 'secundissimo
1042 2381 1138 2440 invec-

139 2487 187 2537 tus
215 2480 415 2557 complectitur
442 2480 640 2556 trepidantem,
676 2481 851 2552 consolatur,
880 2479 1016 2551 hortatur,
1047 2489 1137 2555 utque

99 2603 131 2652 50
140 2579 273 2638 timorem
302 2581 363 2638 eius
391 2599 443 2638 sua
471 2581 620 2638 securitate
651 2581 763 2651 leniret,
793 2580 895 2639 deferri
929 2579 959 2635 in
990 2579 1135 2637 balineum

139 2679 234 2736 iubet:
269 2678 346 2737 lotus
373 2680 503 2748 accubat,
533 2689 619 2737 cenat
646 2690 697 2737 aut
723 2679 820 2738 hilaris
848 2689 906 2751 aut,
935 2678 1016 2755 quod
1044 2696 1137 2755 aeque

139 2795 288 2862 magnum,
312 2778 409 2835 similis
430 2778 519 2836 hilari.
561 2777 680 2837 Interim
701 2797 717 2836 e
736 2778 865 2836 Vesuvio
887 2788 987 2836 monte
1009 2778 1137 2854 pluribus

139 2877 168 2933 in
201 2876 274 2934 loeis
309 2876 462 2935 latissimae
493 2876 627 2935 fiammae
656 2878 770 2952 altaque
799 2876 933 2934 incendia
961 2878 1136 2947 relucebant,

16 3045 17 3068 χ
139 2993 265 3050 quorum
286 2975 381 3050 fulgor
404 2984 432 3033 et
454 2975 567 3034 claritas
591 2977 715 3036 tenebris
738 2976 832 3034 noctis
857 2976 1041 3034 excitabatur.
1084 2976 1136 3033 ille

16 3137 17 3160 χ
98 3097 128 3146 55
140 3075 294 3159 agrestium
318 3076 509 3152 trepidatione
533 3077 616 3151 ignes
640 3075 754 3132 relictos
777 3075 962 3149 desertasque
981 3075 1060 3132 villas
1085 3094 1137 3150 per

139 3173 323 3232 solitudinem
338 3175 438 3234 ardere
457 3175 486 3231 in
505 3174 666 3233 remedium
681 3173 841 3231 formidinis
861 3173 1012 3231 dictitabat.
1056 3172 1136 3231 Tum

139 3289 170 3330 se
195 3273 282 3349 quieti
304 3273 383 3331 dedit
405 3282 434 3331 et
456 3273 563 3348 quievit
582 3273 732 3330 verissimo
757 3272 876 3348 quidem
899 3289 1014 3330 somno
1057 3271 1136 3331 Nam

138 3383 250 3431 meatus
285 3373 407 3442 animae,
443 3373 492 3449 qui
526 3372 564 3430 illi
600 3382 716 3447 propter
753 3371 973 3446 amplitudinem
1007 3373 1136 3445 corporis

137 3473 251 3547 gravior
279 3481 307 3530 et
332 3472 480 3530 sonantior
504 3478 572 3540 erat,
598 3471 635 3528 ab
658 3471 693 3529 iis
718 3471 767 3547 qui
791 3472 882 3529 limini
908 3470 1136 3531 obversabantur

17 3549 19 3568 ¹*
98 3583 129 3633 6ο
137 3571 313 3629 audiebatur.
356 3569 414 3629 Sed
428 3589 494 3630 area
508 3590 544 3629 ex
563 3589 621 3647 qua
640 3571 734 3630 diaeta
755 3572 886 3630 adibatur
907 3571 946 3630 ita
966 3572 1024 3629 iam
1039 3572 1135 3630 cinere

12 1553 18 1598 i
