2646 3914
189 110 230 178 82
457 123 480 172 A
505 121 707 173 sntaorrorv
726 123 832 172 raon
852 123 922 170 rna

514 376 565 430 66.
609 368 738 449 (BOOK
760 382 786 444 7.
812 366 869 447 18.)

221 502 345 560 Caninius,
356 502 458 568 anxious
469 502 547 551 about
560 518 591 550 an
608 502 764 551 endowment
774 500 806 550 he
821 501 841 549 is
858 499 1020 564 establishing
1035 508 1061 549 at
1073 499 1191 560 Cornum,

187 585 209 633 is
226 585 326 634 advised
342 585 377 648 by
393 585 465 649 Pliny
482 592 509 633 to
526 586 604 650 adopt
620 585 659 633 his
675 584 785 642 method,
802 585 906 647 namely,
925 591 952 633 to
968 583 1087 633 establish
1103 600 1119 632 a
1136 601 1191 649 per·

189 677 287 718 manent
299 676 351 718 rent
363 669 453 734 charge
464 685 496 718 on
508 687 523 718 a
535 670 634 734 portion
645 670 674 718 oi
684 669 723 718 his
734 677 859 733 property,
870 669 952 718 which
963 669 1027 718 shall
1038 669 1069 718 be
1083 669 1193 733 payable

189 758 216 800 to
228 752 270 801 the
280 752 424 801 authorities
436 753 465 802 os
473 753 515 802 the
526 751 648 816 borough.

487 889 512 930 C·
533 889 647 930 PLINIUS
667 891 774 932 cnutuo
795 891 848 932 SUO
870 890 893 931 S.

229 1005 382 1066 Deliberas
396 1023 522 1075 mecum,
536 1023 625 1080 quem
645 1005 683 1064 ad
701 1007 824 1064 modurn
843 1007 975 1082 pecunia,
991 1023 1080 1082 quam
1094 1004 1192 1062 muni-

189 1108 301 1183 cipibus
322 1104 426 1162 nostris
447 1105 477 1161 in
498 1103 617 1180 epulum
631 1105 767 1178 obtulisti,
783 1117 849 1180 post
867 1116 895 1164 te
915 1124 1032 1182 quoque
1053 1105 1129 1164 salva
1144 1105 1192 1163 sit.

102 1255 106 1264 .
189 1206 324 1265 Honesta
346 1203 527 1274 consultatio,
548 1222 609 1262 non
630 1204 768 1281 expedita
787 1206 939 1264 sententia.
981 1204 1126 1264 Numeres
1149 1205 1192 1260 rei

189 1304 323 1381 publicae
338 1301 502 1361 summam?
524 1302 685 1361 verendum
701 1313 795 1361 estne
810 1304 962 1363 dilabatur.
1004 1302 1066 1362 Des
1080 1303 1192 1378 agros?

190 1412 222 1460 ut
236 1401 343 1479 publici
362 1400 562 1476 neglegentur.
604 1401 748 1477 Equidem
767 1402 837 1460 nihil
859 1402 1044 1460 commodius
1064 1402 1190 1472 inveni0,
1206 1425 1221 1475 5

190 1520 279 1578 quarn
295 1500 375 1577 quod
389 1501 451 1576 ipse
462 1499 527 1559 seci.
563 1499 641 1560 Nam
655 1519 710 1577 pro
721 1501 887 1578 quingentis
901 1502 1016 1560 milibus
1026 1519 1191 1571 nummum,

191 1621 266 1678 quae
287 1602 317 1659 in
337 1601 475 1659 alimenta
495 1601 689 1678 ingenuorum
714 1603 966 1678 ingenuarumque
988 1601 1188 1677 promiseram,

191 1719 294 1780 agrum
303 1720 340 1759 ex
350 1700 423 1758 meis
433 1699 522 1776 longe
533 1700 621 1776 pluris
636 1703 726 1760 actori
737 1702 855 1778 publico
866 1701 1042 1779 mancipavi:
1061 1700 1191 1759 eundern

191 1799 323 1876 vectigali
344 1799 471 1875 inposito
494 1799 599 1877 recepi,
621 1801 730 1859 tricena
749 1801 829 1858 milia
849 1819 946 1859 annua
966 1800 1092 1858 daturus.
1135 1799 1192 1856 Per

191 1899 250 1958 hoc
264 1899 342 1957 enim
357 1907 385 1955 et
399 1898 440 1956 rei
454 1899 586 1973 publicae
601 1916 665 1956 sors
684 1900 714 1956 in
733 1908 795 1957 tuto
815 1917 869 1958 nec
888 1900 997 1958 reditus
1012 1899 1146 1969 incertus,
1162 1907 1192 1955 et
1209 1917 1239 1950 10

193 2015 263 2072 ager
276 1998 340 2072 ipse
354 2005 472 2072 propter
490 1997 530 2067 id,
545 1997 626 2072 quod
639 1998 761 2074 vectigal
779 1999 857 2072 large
877 1998 1059 2074 supercurrit,
1076 2015 1193 2073 semper

194 2097 354 2166 dominum,
369 2114 386 2153 a
403 2114 462 2171 quo
482 2106 658 2167 exerceatur,
672 2097 806 2155 inveniet.
849 2096 913 2156 Nec
932 2099 1037 2174 ignoro
1056 2116 1104 2154 me
1125 2097 1192 2173 plus

194 2195 341 2271 aliquanto
360 2213 448 2272 quam
467 2195 593 2256 donasse
607 2196 706 2255 videor
726 2196 899 2272 erogavisse,
920 2215 986 2255 curn
1007 2195 1192 2272 pulcherrimi

194 2295 256 2371 agri
284 2295 407 2372 pretium
434 2296 591 2355 necessitas
615 2295 763 2372 vectigalis
787 2295 941 2370 infregerit.
994 2294 1052 2354 Sed
1075 2304 1193 2370 oportet

195 2394 311 2470 privatis
338 2393 504 2451 utilitatibus
529 2394 668 2470 publicas
693 2395 861 2452 mortalibus
886 2404 1018 2451 aeternas
1042 2392 1191 2464 anteferre,
1209 2419 1238 2469 15

195 2493 346 2569 multoque
361 2492 525 2568 diligentius
539 2492 651 2550 muneri
665 2510 719 2552 suo
735 2487 884 2552 consulere
899 2511 986 2569 quam
1001 2491 1192 2551 facultatibus.

196 2591 277 2649 Vale.

520 2789 571 2843 6⁷.
612 2780 741 2862 (BOOK
764 2798 790 2859 7.
815 2782 873 2864 19.)

217 2912 273 2962 The
284 2911 367 2963 illness
378 2913 407 2964 os
415 2914 510 2964 Farmia
520 2914 589 2980 gives
600 2913 715 2963 occasion
726 2915 765 2963 sor
775 2931 790 2964 a
802 2915 888 2966 sketch
899 2917 929 2966 ot'
936 2917 980 2966 her
991 2877 1087 2972 virtues.
1097 2917 1146 2966 and
1157 2933 1172 2965 a

555 2997 647 3061 eulogy
658 2997 688 3046 os
695 2998 739 3046 her
748 2998 842 3061 family.

498 3134 524 3175 C·
547 3134 660 3174 PLINIUS
680 3134 777 3176 PRISCO
798 3136 852 3178 SUO
873 3137 895 3178 S.

238 3246 330 3323 Angit
343 3265 391 3305 me
405 3246 535 3306 Fanniae
549 3248 691 3308 valetudo.
733 3249 884 3311 Contraxit
898 3252 982 3324 hanc,
997 3253 1067 3312 dum
1081 3253 1194 3313 adsidet

199 3345 299 3405 Iuniae
326 3345 438 3422 virgini,
462 3356 566 3422 sponte
594 3350 721 3424 primum
748 3347 804 3427 (est
831 3350 910 3408 enim
938 3349 1064 3430 adfinis),
1089 3352 1193 3410 deinde

197 3444 283 3501 etiarn
311 3461 347 3505 ex
376 3447 543 3505 auctoritate
571 3449 751 3524 pontificum.
804 3447 882 3506 Nam
913 3449 1046 3524 virgines,
1072 3469 1140 3511 curn
1167 3452 1194 3508 vi

198 3543 292 3600 morbi
315 3545 386 3602 atrio
408 3544 516 3605 Vestae
542 3557 686 3623 coguntur
711 3547 859 3617 excedere,
885 3556 1083 3606 matronarum
1108 3567 1194 3608 curae
