2646 3914
455 140 477 188 A
503 141 700 189 SELEOTION
719 141 825 190 FROM
846 142 915 190 THE

349 298 484 374 ἤστραπτ’,
505 301 622 374 ἐβρόντα,
644 299 768 357 σννεκῦκα
787 303 833 373 τὴν
852 299 975 358 Ἐλλάδα.

186 430 257 490 Non
273 417 356 489 enim
375 441 523 507 amputata
542 435 633 492 oratio
650 443 680 492 et
697 434 817 505 abscisa,
833 434 886 492 sed
904 434 962 510 lata
981 442 1009 491 et
1028 429 1184 507 magnifica
1197 441 1227 507 85

186 540 214 588 et
245 529 360 587 excelsa
391 538 481 601 tonat,
514 530 647 607 fulgurat,
679 531 778 590 omnia
810 531 934 607 denique
968 531 1114 608 perturbat
1148 547 1183 588 ac

185 627 295 688 miscet.
350 627 488 705 Optimus
515 638 614 690 tamen
642 629 748 689 modus
777 639 829 688 est.
886 630 961 703 Quis
989 630 1096 705 negat?
1132 626 1183 686 sed

185 746 245 786 non
273 729 368 787 minus
396 747 457 788 non
486 738 578 787 servat
605 728 727 786 modurn
755 729 804 806 qui
832 727 906 787 infra
933 746 995 786 rem
1019 745 1108 805 quam
1132 726 1183 803 qui

185 847 280 905 supra,
314 830 364 904 qui
397 829 559 888 adstrictius
591 847 679 904 quam
713 831 763 907 qui
798 831 917 889 effusius
949 830 1025 888 dicit.
1079 828 1182 905 ltaque

185 929 267 987 audis
295 927 459 1004 frequenter
486 938 517 985 ut
543 929 614 986 illud
642 928 816 988 ‘immodice
849 939 878 987 et
905 926 1116 997 redundanter,’
1144 927 1183 984 ita
1195 948 1228 999 90

183 1028 240 1086 hoc
265 1027 374 1085 ‘ieiune
399 1036 428 1086 et
454 1025 584 1085 infirme!
630 1026 713 1085 Alius
739 1027 899 1086 excessisse
927 1026 1086 1094 materiam,
1112 1024 1182 1083 alius

185 1126 287 1185 dicitur
309 1143 370 1182 non
394 1124 527 1202 inplesse.
569 1123 672 1201 Aeque
693 1134 822 1202 uterque,
845 1125 897 1185 sed
920 1125 967 1183 ille
990 1123 1181 1194 inbecillitate,

183 1223 230 1282 hic
251 1223 357 1282 viribus
378 1233 495 1300 peccat;
521 1224 602 1300 quod
623 1232 708 1295 certe,
729 1225 782 1283 etsi
803 1243 863 1282 non
885 1223 1043 1293 limatioris,
1064 1220 1181 1280 maioris

184 1333 282 1382 tamen
317 1322 425 1398 ingenii
455 1323 555 1380 vitium
590 1332 641 1380 est.
692 1323 757 1382 Nec
788 1342 866 1395 vero,
899 1342 966 1382 cum
1000 1322 1073 1380 haec
1104 1320 1180 1392 dioc,

183 1421 263 1479 illum
285 1418 477 1479 Homericum
498 1422 640 1495 ἀμετροεπῆ
662 1422 765 1499 pr0b0,
787 1423 840 1481 sed
860 1421 947 1493 hunc,
1193 1428 1226 1477 95

344 1556 385 1610 καὶ
404 1553 466 1610 ἔπεα
487 1557 642 1628 νιφάδεσσιν
662 1560 761 1614 ἐοικότα
779 1554 947 1630 χειμερίῃσιν

182 1706 243 1749 non
265 1689 332 1765 quia
353 1707 415 1748 non
436 1699 465 1748 et
486 1689 532 1748 ille
554 1690 624 1749 mihi
645 1689 819 1749 validissime
840 1687 960 1764 placeat,

343 1819 428 1887 παῦρα
446 1814 501 1885 μέν,
522 1815 591 1869 ἀλλὰ
610 1817 680 1886 μάλα
699 1813 800 1887 λιγέως·

1312 1967 1313 2008 i

181 1945 206 2002 si
233 1952 332 2003 tamen
360 1945 442 2004 detur
470 1945 580 2016 electio,
608 1945 686 2003 illam
715 1943 877 2004 orationem
909 1942 1033 2001 similem
1065 1943 1179 2002 nivibus

180 2041 316 2114 hibernis,
338 2043 368 2100 id
390 2054 435 2101 est
459 2044 588 2102 crebram
613 2053 641 2102 et
663 2042 815 2101 adsiduam
837 2051 867 2099 et
889 2041 1006 2116 largam,
1028 2051 1178 2117 postremo
1194 2059 1241 2095 100

180 2141 308 2200 divinam
335 2151 364 2201 et
392 2141 554 2212 caelestem,
579 2141 652 2200 volo.
705 2141 746 2198 At
773 2151 817 2198 est
843 2141 951 2216 gratior
977 2140 1073 2198 multis
1102 2142 1178 2200 actio

180 2240 282 2298 brevis.
333 2238 395 2311 Est,
424 2240 476 2298 sed
507 2239 653 2310 inertibus,
682 2256 806 2314 quorum
834 2238 951 2297 delicias
979 2238 1177 2314 desidiamque

179 2339 262 2414 quasi
290 2339 428 2398 iudicium
455 2339 598 2415 respicere
625 2338 778 2395 ridiculum
792 2346 858 2421 test.
908 2337 988 2396 Nam
1015 2337 1039 2396 si
1066 2336 1121 2395 hos
1145 2339 1177 2395 in

179 2437 301 2494 consilio
325 2436 442 2507 habeas,
469 2454 530 2494 non
555 2435 649 2494 solum
674 2436 762 2494 satius
784 2445 829 2494 est
852 2435 973 2494 breviter
994 2435 1098 2506 dicere,
1124 2436 1176 2495 sed

179 2535 301 2592 omnino
321 2553 384 2593 non
404 2535 509 2592 dicere.
552 2532 638 2591 Haec
654 2542 698 2592 est
717 2534 812 2592 adhuc
832 2535 973 2592 sententia
993 2553 1066 2606 mea,
1086 2552 1175 2609 quam
1191 2552 1239 2602 105

179 2633 308 2703 mutab0,
329 2632 352 2690 si
372 2632 540 2691 dissenseris
559 2641 607 2703 tu;
632 2631 683 2688 sed
702 2631 789 2707 plane
809 2650 858 2690 cur
877 2632 1029 2691 dissentias
1049 2632 1175 2708 explices

178 2747 260 2805 rogo.
318 2728 458 2800 Quamvis
493 2728 571 2786 enim
607 2729 709 2788 cedere
744 2730 906 2788 auctoritati
942 2732 1064 2790 debeam
1098 2740 1173 2802 tuae,

179 2829 282 2892 rectius
301 2837 399 2885 tamen
420 2827 541 2885 arbitror
562 2827 592 2885 in
614 2837 694 2886 tanta
715 2846 745 2886 re
767 2829 878 2887 ratione
897 2846 986 2904 quam
1006 2830 1174 2887 auctoritate

178 2925 314 3004 superari.
356 2924 481 2984 Proinde
510 2925 534 2984 si
562 2944 623 2984 non
650 2945 744 2985 errare
768 2927 874 2998 videor,
902 2927 932 2986 id
959 2926 1056 3003 ipsum
1085 2946 1174 3004 quam

177 3026 257 3084 voles
284 3024 364 3082 brevi
391 3023 521 3100 epistula,
550 3023 601 3082 sed
629 3033 727 3083 tamen
755 3026 848 3084 scribe
873 3024 1070 3105 (confirmabis
1094 3027 1173 3084 enim
1189 3042 1238 3078 110

177 3123 314 3183 iudicium
351 3121 480 3200 meum);
525 3123 548 3181 si
584 3142 685 3195 errare,
722 3124 923 3200 longissimam
958 3143 1035 3201 para.
1092 3123 1173 3182 Num
1201 3129 1203 3133 ’

177 3223 292 3298 corrupi
323 3231 359 3292 te,
391 3221 440 3296 qui
473 3221 532 3292 tibi,
564 3222 587 3280 si
619 3222 688 3280 mihi
718 3224 878 3296 accederes,
910 3224 1003 3282 brevis
1034 3223 1173 3300 epistulae

178 3321 388 3392 necessitatem,
411 3319 434 3377 si
456 3321 630 3393 dissentires,
651 3322 838 3399 longissimae
859 3323 995 3400 inposui?
1034 3322 1116 3380 Vale.
