2646 3914
210 165 369 213 LETTERS
393 166 436 214 OF
454 166 483 215 C.
499 166 647 214 PLINIUS
669 164 857 214 CAECILIUS
878 163 1071 212 SECUNDUS.
1121 169 1140 232 9

140 322 246 395 videar,
266 323 389 400 quorum
410 325 624 384 recitationibus
645 324 731 396 adfui,
754 342 815 382 non
837 323 948 381 auditor
968 323 1065 392 fuisse,
1088 321 1141 379 sed
1187 373 1191 384 ,

97 439 127 488 ²5
142 423 274 483 creditor.
318 423 397 482 Nam
421 433 453 483 ut
477 425 507 481 in
532 424 634 483 ceteris
659 425 745 482 rebus
769 424 809 481 ita
833 423 863 480 in
884 422 1019 483 audiendi
1043 420 1139 479 officio

141 525 215 601 perit
228 524 329 600 gratia,
345 525 369 584 si
382 531 559 601 reposcatur.
601 522 684 582 Vale.

475 765 507 819 9.
549 753 678 837 (BOOK
702 774 726 814 r.
751 752 810 833 14.)

173 905 246 969 Pliny
257 905 350 972 having
362 908 424 957 been
439 907 516 957 asked
528 907 561 971 by
573 905 700 955 Mauricus
713 911 740 954 to
754 903 816 953 look
831 908 876 952 out
890 902 928 951 for
941 918 957 951 a
971 901 1086 951 husband
1101 901 1140 950 lor

140 987 180 1036 his
193 988 268 1046 nisce,
280 989 322 1039 the
335 990 430 1054 orphan
445 990 568 1054 daughter
579 990 608 1038 os
619 989 742 1047 Rusticus,
758 1004 804 1037 can
819 984 969 1049 confidently
982 983 1140 1035 recommend

141 1069 258 1120 Minicius
271 1072 399 1121 Acilianus
413 1089 445 1122 ou
461 1070 503 1120 the
518 1073 614 1134 ground
629 1071 659 1120 ol
670 1071 709 1119 his
724 1069 862 1126 education,
874 1067 914 1118 his
925 1067 1089 1124 connections,
1100 1067 1139 1114 his

140 1154 255 1216 personal
266 1169 425 1218 appearance,
436 1155 485 1203 and
496 1155 535 1203 his
547 1155 743 1204 circumstances.

375 1303 399 1344 C.
422 1301 535 1343 PLINIUS
555 1301 637 1342 turno
657 1301 788 1342 MAURICO
809 1299 863 1342 on
884 1301 906 1341 S.

182 1413 259 1471 Petis
272 1423 304 1471 ut
318 1414 411 1473 fratris
424 1414 464 1472 tui
483 1413 557 1471 filiae
574 1413 751 1490 prospiciam
761 1413 917 1485 ·maritum;
940 1411 1020 1487 quod
1034 1411 1137 1468 merito

140 1511 211 1570 mihi
225 1513 409 1589 potissimum
422 1513 556 1588 iniungis.
594 1511 656 1568 Scis
671 1511 750 1568 enim
763 1521 872 1586 quanto
887 1529 976 1586 opere
991 1527 1138 1568 summum

140 1611 220 1668 illum
238 1613 330 1669 virum
352 1611 528 1687 suspexerim
550 1609 763 1686 dilexerimque,
781 1609 887 1684 quibus
906 1608 953 1668 ille
970 1608 1140 1666 adulescen-

139 1710 211 1768 tiam
235 1727 332 1770 meam
356 1709 604 1768 exhortationibus
629 1708 737 1778 foverit,
763 1708 867 1783 quibus
892 1707 979 1765 etiam
1006 1705 1140 1763 laudibus

72 1801 74 1803 ’
112 1817 173 1876 sut
191 1808 352 1867 laudandus
366 1808 476 1868 viderer
488 1807 624 1866 effecerit.
666 1805 745 1864 Nihil
764 1815 808 1865 est
827 1805 908 1882 quod
925 1824 942 1862 a
958 1814 986 1862 te
1005 1803 1139 1862 mandari

140 1906 211 1964 mihi
238 1916 287 1964 aut
318 1907 410 1966 maius
437 1916 486 1965 aut
516 1908 633 1983 gratius,
659 1904 732 1967 nihil
760 1905 840 1982 quod
863 1904 1016 1964 honestius
1044 1921 1062 1962 a
1088 1919 1141 1959 me

140 2005 248 2081 suscipi
279 2007 377 2082 possit,
408 2024 496 2081 quarn
523 2014 555 2063 ut
588 2005 693 2081 eligam
724 2005 867 2074 iuvenem,
896 2021 932 2084 err
964 2018 1023 2078 quo
1056 2000 1138 2058 nasci

139 2115 262 2180 nepotes
286 2104 416 2163 Aruleno
442 2103 564 2162 Rustico
589 2104 698 2162 deceat.
740 2102 799 2174 Qui
827 2101 945 2178 quidem
974 2100 1022 2159 diu
1050 2115 1138 2175 quae·

139 2202 247 2262 rendus
266 2203 374 2274 fuisset,
394 2204 449 2262 nisi
468 2213 584 2279 paratus
603 2213 632 2262 et
651 2203 732 2279 quasi
752 2203 883 2278 provisus
902 2208 979 2260 esset
1000 2198 1139 2256 Minicius

96 2325 126 2360 10
139 2300 295 2373 Acilianus,
325 2303 374 2379 qui
404 2320 452 2360 me
480 2311 522 2361 ut.
543 2301 654 2358 iuvenis
685 2299 818 2357 iuvenem
847 2297 903 2376 (est
934 2299 1011 2356 enirn
1042 2297 1137 2354 minor

139 2400 268 2474 pauculis
296 2398 392 2480 annis)
420 2400 639 2459 familiarissime
666 2399 767 2474 diligit,
795 2406 938 2456 reveretur
965 2407 996 2454 ut
1025 2414 1134 2456 senem.

139 2495 218 2556 Nam
246 2499 286 2557 ita
313 2499 430 2557 formari
454 2518 472 2558 a
495 2518 543 2558 me
568 2508 597 2558 et
625 2497 732 2556 institui
760 2497 905 2573 cupit„ut
930 2513 987 2571 ego
1012 2515 1029 2553 a
1053 2495 1136 2553 vobis

139 2595 280 2656 solebam.
323 2597 416 2656 Patria
441 2608 484 2656 est
509 2599 535 2656 ei
560 2597 656 2656 Brixia
683 2615 720 2655 ex
747 2596 794 2654 illa
821 2605 922 2654 nostra
946 2594 1035 2666 Italia,
1062 2611 1136 2670 quae

138 2695 262 2754 multum
286 2695 381 2754 adhuc
401 2697 599 2767 verecundiae,
621 2694 788 2772 frugalitatis
809 2704 895 2770 atque
917 2695 1005 2752 etiam
1026 2671 1136 2751 rustici-

95 2815 124 2865 15
138 2795 205 2854 tatis
231 2796 366 2872 antiquae
391 2797 493 2853 retinet
516 2814 550 2854 ac
573 2805 672 2853 servat.
714 2793 798 2852 Pater
819 2793 955 2851 Minicius
977 2791 1136 2861 Macrinus

138 2894 280 2970 equestris
301 2893 410 2952 ordinis
432 2895 574 2968 princeps
596 2893 663 2970 quia
684 2891 753 2949 nihil
774 2892 856 2950 altius
876 2891 981 2949 voluit:
1006 2890 1136 2948 adlectus

138 2993 218 3050 enim
238 3010 255 3049 a
274 2992 340 3050 divo
355 2989 537 3067 Vespasiano
558 2993 632 3049 inter
652 2991 814 3066 praetorios
834 2989 987 3048 honestam
1009 2991 1135 3066 quietem

137 3090 205 3149 huic
234 3101 349 3149 nostrae
377 3091 527 3148 ambitioni
554 3091 649 3148 dicam
678 3108 715 3148 an
744 3089 876 3165 dignitati
902 3087 1135 3148 constantissime

138 3189 281 3268 praetulit.
324 3187 424 3247 Habet
451 3189 545 3245 aviam
573 3198 735 3245 maternam
760 3187 912 3245 Serranam
941 3186 1094 3246 Proculam
1119 3203 1135 3244 e

93 3308 126 3343 πο
138 3286 297 3362 municipio
328 3286 476 3344 Patavino.
519 3285 606 3344 Nosti
637 3286 693 3344 loci
728 3303 841 3345 mores:
884 3286 1005 3344 Serrana
1037 3294 1135 3342 tamen

137 3383 284 3446 Patavinis
312 3403 429 3461 quoque
457 3384 613 3443 severitatis
641 3385 807 3461 exemplum
835 3396 886 3444 est.
943 3384 1073 3460 Contigit
1107 3393 1137 3442 et

138 3483 297 3542 avunculus
328 3484 354 3541 ei
386 3482 417 3542 P.
445 3483 563 3552 Acilius,
595 3484 734 3559 gravitate
767 3484 919 3560 prudentia
953 3483 1010 3541 fide
1043 3500 1136 3560 prope

139 3581 284 3658 singulari.
327 3581 364 3640 In
389 3600 502 3642 summa
529 3583 599 3654 nihil
624 3583 676 3640 erit
703 3583 733 3641 in
762 3583 852 3642 domo
877 3592 944 3654 tota,
969 3583 1050 3660 quod
1074 3598 1136 3639 non
