2646 3914
156 162 195 210 12
427 160 450 209 A
474 161 670 210 SELECTION
689 162 793 210 FROM
815 162 883 211 THE

155 327 248 376 metro
276 317 402 376 solutum
433 319 491 395 legi
519 319 636 378 credidi
692 319 777 391 Quae
805 321 863 380 sive
890 321 990 379 uxoris
1019 328 1094 390 sunt,
1121 327 1153 376 ut

156 415 297 487 adfirmat,
312 417 370 475 sive
385 417 483 493 ipsius,
498 430 529 478 ut
548 428 645 494 negat,
660 419 723 495 pari
741 418 833 494 gloria
850 419 956 496 dignus
971 420 1020 496 qui
1039 429 1088 478 aut
1107 417 1154 482 illa

156 524 316 590 componat
335 525 385 574 aut
402 534 532 588 uxorem,
549 535 638 594 quam
657 517 798 592 virginem
818 519 938 609 acqepit,
957 527 1017 575 tam
1036 517 1154 577 doctam

156 613 333 690 politamque
357 614 520 674 reddiderit
562 614 618 674 Est
639 633 710 692 ergo
732 633 848 676 mecum
869 634 922 692 per
942 617 1020 674 diem
1041 626 1153 675 totum:

157 710 284 770 eundem
308 721 464 790 antequam
489 715 623 786 scribam,
648 713 775 771 eundem
802 731 870 772 cum
895 715 1004 791 scripsi,
1028 713 1155 772 eundern
1170 731 1200 782 25

156 810 244 868 etiam
263 829 331 870 cum
350 813 489 884 remittor,
506 831 567 871 non
585 821 736 888 tamquam
753 812 880 870 eundem
898 811 975 887 lego.
1018 811 1108 883 Quod
1126 821 1155 871 te

156 926 273 986 quoque
294 920 326 968 ut
350 910 439 970 facias
460 921 488 970 et
508 911 607 969 hortor
629 919 657 970 et
682 927 799 970 moneo.
841 908 946 986 Neque
968 910 1046 967 enim
1068 908 1155 970 debet

157 1009 293 1084 operibus
320 1009 382 1066 eius
409 1008 514 1068 obesse
540 1009 620 1087 quod
644 1009 719 1066 vivit.
769 1008 818 1065 An
847 1008 871 1067 si
898 1009 972 1066 inter
999 1026 1051 1066 eos
1079 1026 1155 1084 quos

157 1125 318 1184 numquam
339 1106 461 1164 vidimus
487 1107 637 1178 floruisset,
658 1125 722 1165 non
743 1106 838 1165 solum
862 1106 950 1164 libros
972 1106 1034 1164 eius
1055 1124 1155 1164 verum

157 1205 243 1264 etiam
265 1204 407 1280 imagines
426 1206 679 1280 conquireremus;
705 1205 835 1263 eiusdem
856 1223 935 1263 nunc
955 1205 1051 1262 honor
1072 1222 1155 1280 prae·
1171 1224 1203 1271 30

157 1304 246 1362 sentis
265 1312 293 1361 et
315 1303 406 1378 gratia
425 1304 508 1380 quasi
528 1302 657 1362 satietate
677 1303 856 1379 languescit?
897 1303 937 1361 At
956 1302 1014 1360 hoc
1033 1320 1155 1378 pravum

158 1401 375 1478 malignumque
397 1411 448 1472 est,
471 1418 532 1459 non
552 1401 686 1459 admirari
708 1400 858 1460 hominem
879 1400 1069 1460 admiratione
1091 1399 1155 1476 dig-

159 1500 319 1570 nissimum,
332 1501 400 1576 quia
413 1500 518 1566 videre,
534 1500 660 1576 adloqui,
671 1500 779 1571 audire,
792 1499 954 1575 complecti,
970 1517 1024 1558 nec
1038 1497 1155 1556 laudare

158 1609 270 1657 tautum
284 1616 382 1657 verum
397 1599 484 1658 etiam
497 1617 594 1658 amare
608 1599 739 1674 contigit.
774 1597 856 1657 Vale.

481 1839 529 1892 12.
572 1831 701 1912 (Boon
726 1850 749 1890 1.
775 1829 833 1910 ιε.)

191 1969 263 2033 Pliny
273 1970 423 2020 endeavours
438 1977 466 2019 to
483 1986 592 2020 reassure
607 1968 744 2020 Suetonius‘
758 1969 856 2032 anxiety
871 1969 948 2019 about
962 1968 1002 2017 his
1016 1969 1108 2028 dream,
1123 1969 1157 2032 by

157 2049 263 2115 relating
277 2069 309 2101 an
324 2053 466 2116 experience
482 2053 511 2102 of
522 2053 561 2101 his
577 2069 647 2111 own;
667 2053 712 2101 but
724 2051 885 2101 iISuetonius
897 2051 949 2100 still
960 2052 1051 2101 desires
1063 2069 1078 2100 a
1089 2059 1157 2117 post·

158 2143 290 2198 ponement
302 2134 331 2183 of
338 2135 380 2184 the
392 2151 455 2193 case,
467 2134 499 2184 he
510 2135 561 2184 will
574 2134 684 2184 contrive
696 2141 722 2182 to
734 2133 819 2182 obtain
830 2134 851 2183 it
862 2132 900 2182 for
911 2132 971 2184 him.

335 2272 359 2314 C.
380 2273 493 2314 PLINIUS
513 2273 656 2314 SUETONIO
677 2271 865 2327 TRANQUILLO
886 2272 941 2314 SUO
961 2272 984 2313 S.

200 2383 307 2444 Scribis
330 2396 360 2445 te
384 2387 564 2463 perterritum
589 2387 705 2446 somnio
727 2385 816 2445 vereri
841 2403 878 2444 ne
899 2385 970 2461 quid
991 2385 1102 2445 adversi
1127 2385 1158 2442 in

160 2483 274 2543 actione
288 2485 411 2560 patiaris,
427 2503 514 2561 rogas
531 2495 562 2543 ut
582 2485 749 2544 dilationem
769 2494 867 2561 petam
885 2493 913 2544 et
933 2483 1072 2560 pauculos
1086 2483 1157 2552 dica,

160 2592 236 2641 certe
260 2583 435 2658 proximum,
457 2600 602 2642 excusem.
645 2583 768 2642 Difficile
791 2594 844 2656 est,
867 2583 919 2642 sed
932 2582 1087 2659 ¹experiar:
1117 2584 1158 2637 καὶ

159 2685 209 2756 γάρ
231 2681 252 2736 τ’
267 2682 328 2754 ὄναρ
347 2683 375 2737 ἐκ
390 2685 456 2742 -Διός
475 2684 553 2742 ἐστιν.
596 2681 697 2740 Refert
717 2692 825 2754 tamen,
847 2693 983 2742 eventura
1004 2681 1098 2740 soleas
1120 2699 1158 2738 an

160 2780 303 2839 contraria
324 2781 477 2839 somniare.
519 2779 594 2840 Mihi
615 2782 759 2857 reputanti
781 2782 927 2840 somnium
952 2799 1060 2851 meum,
1081 2778 1186 2842 istud5

161 2879 242 2958 quod
276 2879 360 2937 times
395 2888 425 2938 tu
462 2881 609 2957 egregiam
644 2881 789 2939 actionem
829 2879 1003 2958 portendere
1037 2879 1158 2938 videtur.

162 2976 355 3053 Susceperam
384 2995 503 3036 causam
531 2978 597 3036 Iuni
624 2977 760 3050 Pastoris,
790 2996 857 3038 cum
893 2978 963 3036 mihi
998 2976 1158 3053 quiescenti

160 3077 221 3136 visa
238 3085 283 3134 est
302 3092 401 3134 socrus
421 3094 487 3134 mea
506 3075 642 3135 advoluta
660 3077 784 3151 genibus
802 3095 840 3135 ne
860 3095 976 3153 agerem
994 3077 1158 3133 obsecrare.

160 3174 200 3234 Et
221 3192 301 3233 eram
321 3188 436 3234 acturus
456 3175 688 3234 adulescentulus
708 3174 811 3245 adhuc,
830 3193 911 3233 eram
932 3174 962 3232 in
979 3173 1159 3249 quadruplici

160 3273 276 3344 iudicio,
307 3291 387 3332 eram
418 3283 520 3333 contra
550 3273 767 3350 potentissimos
799 3272 919 3332 civitatis
953 3281 1039 3348 atque
1072 3271 1158 3330 etiam
1175 3294 1205 3330 ιο

163 3371 295 3431 Caesaris
314 3373 442 3445 amicos;
468 3391 542 3450 quae
561 3371 675 3448 singula
694 3380 829 3431 excutere
849 3379 979 3427 mentem
999 3367 1070 3427 mihi
1090 3377 1160 3445 post

161 3477 221 3530 tam
235 3471 314 3530 triste
328 3472 474 3531 somnium
489 3479 633 3548 poterant.
675 3469 733 3546 Egi
746 3479 845 3540 tamep
859 3469 1029 3542 λογισάμενος
1042 3466 1112 3525 illud

339 3586 374 3646 εἷς
394 3589 482 3647 υἱωνὸς
503 3588 617 3662 ἄριστος,
638 3585 779 3658 ἀμύνεσθαι
799 3581 858 3656 περὶ
878 3584 982 3655 πάτρης.
