2646 3914
144 451 157 494 'e

190 151 230 212 80
458 163 480 211 A
506 163 705 213 saracinos
724 165 827 213 anon
849 163 917 212 rna

512 410 562 462 63.
606 403 735 483 (BOOK
758 407 784 464 6.
808 403 869 485 34.)

222 536 294 599 Pliny
310 552 431 600 approves
448 535 478 584 of
491 534 624 584 Maximus’
640 536 748 584 conduct
765 537 790 584 in
810 537 929 601 acceding
946 545 972 586 to
990 537 1032 585 the
1048 542 1144 601 request
1163 535 1193 582 ol

190 619 289 667 Verona
306 620 360 667 that
377 619 408 668 he
424 619 509 668 would
526 619 647 668 celebrate
669 619 708 668 bis
724 619 800 668 wise's
818 635 929 684 memory
945 621 979 682 by
996 636 1011 667 a
1027 617 1188 682 gladiatorial

190 701 332 751 exhibition.
1024 711 1026 716 '

482 806 506 846 C.
528 805 640 845 PLINIUS
661 807 784 852 Maximo,
797 808 850 848 SUO
870 807 893 847 S.

233 921 324 982 Recte
340 921 431 982 fecisti
443 920 523 997 quod
533 922 725 996 gladiatorum
736 941 842 981 munus
851 921 1069 981 Veronensibus
1080 920 1187 978 nostris

190 1023 358 1099 promisisti,
376 1039 394 1078 a
416 1020 520 1096 quibus
541 1020 611 1078 olim
632 1022 746 1092 amaris
769 1021 930 1098 suspiceris,
953 1020 1071 1078 ornaris.
1114 1017 1188 1076 Inde

190 1123 276 1180 etiam
303 1137 426 1177 uxorem
454 1118 632 1176 carissimam
659 1120 711 1176 tibi
738 1129 766 1177 et
794 1119 1028 1196 probatissimam
1055 1116 1187 1186 habuisti,

190 1222 271 1277 cuius
300 1217 457 1275 memoriae
482 1226 531 1274 aut
556 1235 631 1292 opus
654 1217 773 1293 aliquod
799 1228 848 1276 aut
876 1217 1072 1293 spectaculum
1099 1225 1213 1289 atque5

191 1318 248 1376 hoc
266 1316 448 1392 potissimum
467 1315 546 1390 quod
568 1316 695 1374 maxime
713 1315 807 1374 funeri
828 1316 994 1374 debebatur.
1037 1314 1188 1372 Praeterea

190 1425 271 1474 tanto
300 1431 445 1471 consensu
479 1415 636 1488 rogabatis,
664 1424 696 1472 ut
723 1433 830 1490 negare
864 1431 926 1472 non
961 1424 1106 1483 constans,
1136 1411 1190 1469 sed

192 1514 296 1571 durum
318 1512 465 1570 videretur.
509 1512 585 1571 Illud
609 1530 726 1589 quoque
752 1515 876 1589 egregie,
900 1513 980 1589 quod
1003 1522 1063 1570 tam
1087 1510 1187 1579 facilis,

191 1621 251 1669 tarn
275 1611 397 1669 liberalis
418 1611 448 1667 in
470 1611 584 1670 edendo
603 1610 686 1670 luisti.
729 1611 807 1670 Nam
830 1630 882 1686 per
904 1611 976 1669 haec
997 1612 1083 1670 etiarn
1106 1627 1189 1683 mag·

190 1728 246 1768 nus
269 1711 384 1768 animus
406 1711 574 1769 ostenditur.
617 1710 730 1769 Vellem
753 1709 916 1781 Africanae,
941 1727 1013 1786 quas
1038 1725 1187 1766 coemeras
1200 1726 1231 1760 10

191 1809 337 1884 plurimas,
352 1809 389 1865 ad
408 1810 591 1885 praefinitum
611 1810 689 1867 diem
709 1809 920 1868 occurrissent:
943 1809 994 1867 sed
1013 1808 1079 1866 licet
1093 1823 1188 1864 cessa-

191 1909 282 1964 verint
304 1906 367 1965 illae
396 1915 566 1983 tempestate
595 1907 737 1978 detentae,
757 1917 789 1964 tu
813 1917 910 1965 tamen
933 1907 1061 1964 meruisti
1083 1915 1116 1962 ut
1139 1924 1190 1965 ae-

192 2015 308 2078 ceptum
333 2005 385 2062 tibi
407 2005 495 2076 fieret,
518 2005 598 2081 quod
621 2024 681 2081 quo
706 2005 802 2064 minus
825 2005 977 2064 exhiberes
1000 2022 1061 2062 non
1082 2022 1134 2079 per
1158 2014 1187 2062 te

193 2102 276 2160 stetit
318 2100 400 2160 Vale.

505 2327 558 2379 64.
600 2319 729 2400 (Boou
752 2333 778 2395 7.
804 2319 862 2398 η.)

224 2452 296 2515 Pliny
307 2453 418 2517 explains
433 2459 459 2500 to
475 2453 584 2501 Fabatus
598 2453 639 2502 the
653 2453 803 2516 obligations
817 2452 847 2500 os
860 2451 992 2517 friendship
1003 2453 1085 2502 which
1100 2453 1189 2504 induce

192 2533 244 2582 him
253 2543 279 2582 to
289 2535 333 2584 sell
345 2543 371 2582 to
381 2534 496 2590 Corellia,
508 2543 534 2583 at
545 2551 577 2584 an
589 2535 735 2599 inadequate
746 2536 820 2599 price,
832 2535 873 2584 the
885 2535 955 2585 share
963 2536 1045 2584 which
1056 2537 1101 2585 bas
1113 2535 1189 2600 lately

192 2618 254 2666 been
265 2617 309 2667 left
320 2626 347 2666 to
359 2618 411 2666 him
423 2618 448 2665 in
460 2634 475 2666 a
487 2625 604 2682 property
615 2634 674 2667 near
685 2619 727 2667 the
739 2618 809 2681 Lago
822 2618 848 2666 di
860 2617 949 2668 Corn0.

395 2754 420 2795 C.
441 2754 553 2793 PLINIUS
575 2753 688 2794 FABATO
709 2753 872 2795 PROSOCERO
894 2755 947 2796 SUO
967 2755 990 2794 S.

234 2867 349 2926 Miraris
370 2869 450 2944 quod
472 2869 608 2939 Hermes,
630 2869 747 2926 libertus
768 2886 861 2941 meus,
883 2869 1070 2930 hereditarios
1092 2889 1187 2947 agros,

193 2985 268 3044 quos
296 2985 352 3042 ego
381 2968 518 3027 iusseram
543 2967 691 3044 proscribi,
716 2985 778 3025 non
802 2978 953 3043 expectata
975 2971 1110 3028 auctione
1133 2989 1188 3046 pro

193 3085 261 3126 meo
282 3067 446 3142 quincunce
467 3087 503 3125 ex
529 3066 718 3143 septingentis
739 3066 854 3125 milibus
877 3065 1018 3126 Corelliae
1039 3068 1188 3127 addixerit.

192 3167 294 3224 Adicis
316 3165 371 3223 hos
394 3167 548 3241 nongentis
570 3166 686 3224 milibus
706 3183 795 3240 posse
816 3166 912 3222 venire
933 3183 967 3222 ac
989 3175 1070 3225 tanto
1095 3168 1189 3244 magis

192 3265 315 3340 quaeris
339 3283 377 3322 an
402 3265 482 3340 quod
505 3267 594 3340 gessit
618 3273 712 3322 ratum
737 3281 858 3322 servem.
907 3264 973 3339 Ego
998 3284 1066 3324 vero
1089 3283 1212 3344 servo:5

194 3364 297 3438 quibus
319 3383 355 3421 ex
376 3364 478 3434 causis,
498 3363 607 3439 accipe.
651 3361 747 3438 Cupio
767 3363 844 3421 enirn
866 3372 894 3422 et
915 3363 964 3421 tibi
984 3364 1139 3438 probatum
1161 3373 1189 3422 et

193 3461 384 3521 coheredibus
405 3463 478 3525 meis
498 3471 668 3520 excusatum
690 3479 763 3532 esse,
778 3461 859 3537 quod
879 3479 927 3519 me
950 3462 987 3518 ab
1007 3462 1061 3521 illis
1079 3463 1190 3522 maiore

193 3558 289 3618 officio
312 3562 428 3620 iubente
451 3580 578 3621 secerno.
624 3559 778 3620 Corelliam
803 3577 871 3617 cum
896 3577 1009 3618 summa
1033 3561 1189 3620 reverentia
