2646 3914
462 146 484 194 A
510 144 705 195 SELEGTION
724 141 827 190 FROM
850 140 919 189 THE

501 323 571 413 '4o.
612 350 742 433 (soor
764 369 790 422 4.
816 348 875 429 η.)

191 502 194 508 ·
224 487 295 551 Pliny
306 486 426 551 willingly
439 483 587 534 undertakes
602 483 644 532 the
661 498 716 530 case
733 480 762 530 of
770 479 899 530 Corellius'
912 479 1040 544 daughter,
1054 476 1151 543 though
1168 477 1192 525 in

190 571 267 634 doing
282 586 310 618 so
327 569 358 618 he
375 568 426 618 will
442 568 506 616 have
519 573 546 616 to
564 574 603 615 act
620 565 717 629 against
734 563 836 613 another
853 563 938 613 friend.
981 562 1049 611 That
1066 560 1192 622 objection

189 653 303 700 however
317 650 429 700 vanishes
440 649 511 698 when
527 650 558 698 he
575 649 721 696 remembers
732 647 771 695 his
786 645 903 694 relations
919 645 980 694 with
996 643 1125 702 Corellius,
1142 641 1192 691 and

190 737 248 785 how
259 735 301 784 the
312 733 385 784 latter
396 731 557 783 commended
568 731 621 778 him
633 736 660 778 to
671 729 710 777 his
722 727 845 792 daughter
856 744 883 777 as
894 728 938 777 ber
948 733 1081 792 protector.

433 869 458 910 C.
480 866 593 907 PLINIUS
614 865 708 905 ASINIO
730 864 826 906 GALLO
848 865 901 905 SUO
924 863 946 905 S.

230 981 268 1040 Et
283 980 425 1040 admones
440 988 467 1038 et
481 997 569 1055 rogas
583 988 616 1036 ut
629 978 784 1052 suscipiam
799 995 917 1036 causam
929 976 1070 1036 Corelliae
1085 975 1190 1034 absen-

189 1081 226 1139 tis
247 1090 349 1140 contra
371 1078 403 1138 C.
420 1077 588 1142 Caecilium,
608 1075 759 1134 consulem
779 1074 971 1152 designatum.
1025 1072 1115 1145 Quod
1139 1072 1189 1130 ad-

189 1197 302 1250 mones,
322 1178 428 1254 gratias
449 1193 522 1253 ago;
553 1175 634 1251 quod
654 1191 749 1249 rogas,
771 1191 884 1250 queror.
928 1171 1089 1231 Admoneri
1111 1171 1190 1228 enim

191 1277 294 1348 debe0,
309 1286 340 1334 ut
355 1255 454 1347 sciam,
466 1273 560 1350 rogari
580 1290 641 1330 non
655 1271 758 1342 debe0,
773 1281 805 1329 ut
824 1270 929 1330 faciam
947 1270 1028 1347 quod
1041 1267 1113 1327 mihi
1127 1286 1189 1325 non

190 1375 285 1436 facere
305 1375 503 1449 turpissimum
524 1381 576 1430 est.
621 1371 670 1428 An
691 1388 747 1446 ego
771 1371 842 1428 tueri
865 1370 971 1430 Corelli
993 1368 1082 1426 filiam
1105 1366 1213 1428 dubi-5

190 1473 269 1531 tem?
310 1472 363 1531 Est
378 1472 495 1548 quidem
512 1469 581 1529 mihi
603 1487 670 1527 cum
690 1469 745 1526 isto
767 1478 868 1527 contra
887 1486 975 1544 quem
994 1486 1042 1526 me
1062 1466 1189 1524 advocas
1310 1435 1312 1568 l

189 1588 252 1628 non
279 1569 365 1646 plane
401 1569 554 1639 familiaris
582 1567 634 1625 sed
669 1574 767 1624 tamen
795 1567 926 1624 amicitia.
981 1564 1104 1622 Accedit
1132 1564 1189 1622 huc
1311 1587 1312 1656 p

191 1668 316 1745 dignitas
341 1667 466 1727 hominis
491 1677 577 1743 atque
601 1665 648 1723 hic
670 1666 733 1741 ipse
756 1665 802 1722 cui
827 1664 985 1723 destinatus
1010 1673 1054 1721 est
1076 1662 1189 1740 honor;

190 1768 271 1826 cuius
292 1767 455 1826 nobishoc
476 1767 568 1824 maior
590 1763 704 1839 agenda
725 1763 880 1821 reverentia
895 1772 945 1833 est,
962 1760 1042 1838 qnod
1061 1761 1119 1819 iam
1140 1760 1190 1819 illo

189 1865 279 1924 suncti
301 1883 409 1924 sumus.
451 1863 588 1922 Naturale
610 1871 654 1920 est
675 1861 752 1918 enim
774 1871 806 1919 ut
827 1879 861 1918 ea
882 1878 956 1938 quae
979 1861 1043 1937 quis
1067 1859 1189 1934 adeptus
1201 1879 1232 1914 ro

190 1977 233 2022 est
254 1965 316 2039 ipse
338 1981 426 2038 quam
447 1962 625 2038 amplissima
645 1960 799 2018 existimari
820 1960 893 2018 velit.
937 1959 995 2018 Sed
1018 1959 1088 2016 mihi
1111 1959 1191 2035 cogi.

188 2064 261 2123 tanti
275 2061 440 2120 adfuturum
454 2079 501 2119 me
521 2059 628 2118 Corelli
648 2059 721 2116 tiliae
741 2059 841 2117 omnia
859 2060 913 2117 ista
934 2058 1036 2134 frigida
1051 2067 1079 2116 et
1092 2059 1190 2120 inania

188 2162 329 2221 videntur.
371 2161 546 2222 Obversatur
574 2159 665 2218 oculis
693 2157 739 2214 ille
767 2158 816 2229 vir,
845 2175 905 2234 quo
933 2158 1081 2215 neminem
1110 2169 1189 2219 aetas

189 2271 289 2319 nostra
308 2261 470 2336 graviorem
492 2259 666 2318 sanctiorem
690 2257 867 2314 subtiliorem
890 2256 959 2315 tulit.
1011 2255 1109 2328 Quem
1131 2273 1188 2332 ego

187 2378 255 2418 cum
270 2379 306 2418 ex
321 2360 510 2418 admiratione
528 2357 645 2434 diligere
665 2356 835 2431 coepissem,
855 2355 937 2431 quod
954 2355 1067 2413 evenire
1088 2365 1190 2413 contra
1202 2376 1230 2425 15

190 2456 271 2524 solet,
301 2459 393 2535 magis
428 2457 584 2516 admiratus
619 2473 692 2526 sum,
721 2463 879 2529 postquam
914 2453 1029 2530 penitus
1064 2453 1186 2529 inspexi.

190 2553 309 2631 Inspexi
324 2557 402 2615 enim
414 2554 546 2631 penitus:
573 2551 642 2609 nihil
656 2571 674 2610 a
688 2569 735 2609 me
749 2550 795 2609 ille
810 2560 962 2621 secretum,
976 2569 1037 2608 non
1051 2549 1186 2622 ioculare,

189 2671 251 2711 non
273 2655 387 2726 serium,
402 2672 464 2712 non
484 2652 572 2722 triste,
592 2668 653 2710 non
674 2651 791 2708 laetum.
833 2650 1075 2710 Adulescentulus
1097 2669 1187 2721 eram,

189 2753 289 2810 etiam
303 2753 373 2809 mihi
393 2751 492 2811 abillo
511 2749 606 2808 honor
622 2759 709 2825 atque
730 2751 823 2822 etiam,
839 2750 953 2809 audebo
976 2751 1078 2821 dicere,
1093 2769 1188 2808 rever-

189 2850 265 2908 entia
280 2859 310 2907 nt
325 2851 436 2926 aequali
449 2849 616 2907 habebatur.
660 2847 711 2907 Ille
725 2867 808 2907 meus
827 2849 857 2907 in
877 2848 1011 2925 petendis
1025 2849 1186 2907 honoribus
1200 2878 1231 2913 20
1310 2825 1311 2884 Ξ

189 2949 360 3025 suffragator
387 2958 415 3007 et
442 2949 530 3020 testis,
551 2947 597 3005 ille
619 2946 649 3005 in
670 2947 843 3006 inchoandis
865 2947 1005 3007 deductor
1026 2959 1055 3008 et
1076 2967 1185 3021 comes,
1310 2897 1311 2973 l

187 3049 234 3108 ille
248 3050 279 3107 in
297 3049 431 3125 gerendis
448 3041 616 3107 'consiliator
637 3057 666 3105 et
684 3056 786 3119 rector,
800 3048 845 3106 ille
864 3047 989 3124 denique
1004 3049 1034 3106 in
1048 3050 1185 3108 omnibus

187 3150 288 3207 officiis
316 3148 428 3220 nostris,
456 3165 633 3224 quamquam
667 3156 695 3204 et
729 3146 877 3206 inbecillus
912 3156 940 3205 et
969 3149 1073 3219 senior,
1103 3149 1185 3225 quasi

187 3249 298 3308 iuvenis
326 3257 354 3306 et
381 3245 491 3306 validus
527 3246 765 3321 conspiciebatur.
822 3245 974 3317 Quantum
1009 3247 1054 3305 ille
1089 3246 1185 3304 lamae

187 3366 270 3406 meae
299 3346 387 3418 domi,
416 3348 446 3404 in
473 3345 599 3422 publico,
627 3354 768 3420 quantum
795 3346 881 3403 etiam
916 3344 995 3421 apud
1023 3345 1184 3422 principem
1197 3366 1226 3415 25

189 3445 342 3504 adstruxit!
379 3445 456 3504 Nam
472 3464 537 3504 cum
553 3444 625 3501 forte
640 3443 676 3501 de
695 3444 781 3502 bonis
795 3443 944 3502 iuvenibus
964 3443 1042 3519 apud
1056 3441 1185 3502 Nervam

186 3545 389 3620 imperatorem
405 3562 500 3604 sermo
515 3542 662 3602 incidisset
676 3552 704 3600 et
718 3542 846 3618 plerique
860 3561 908 3601 me
923 3542 1055 3601 laudibus
1069 3541 1185 3615 ferrent,
