2646 3914
182 151 223 217 74
449 149 472 195 A
498 148 695 196 SELECTION
713 149 815 197 FROM
838 149 908 196 THE

177 309 332 384 mixtisque
360 307 525 384 pumicibus
553 306 673 383 oppleta
700 315 869 376 surrexerat,
895 315 934 376 ut,
961 306 986 364 si
1007 305 1123 381 longior
1147 307 1181 362 in

179 408 312 466 cubiculo
333 425 425 476 mora,
446 406 538 464 exitus
561 414 722 480 negaretur.
764 403 914 462 Excitatus
936 405 1066 480 procedit
1088 421 1180 480 seque

178 504 383 581 Pomponiano
399 506 559 581 ceterisque
574 504 623 579 qui
644 503 881 579 pervigilaverant
900 503 1002 561 reddit.
1045 502 1081 560 In
1096 521 1180 561 corn-

178 623 267 661 mune
282 605 454 675 consultant,
468 605 542 661 intra
556 613 631 661 tecta
645 603 801 659 subsistant
814 621 852 659 an
867 603 897 659 in
912 612 1012 677 aperto
1028 613 1210 678 vagentur.tt

180 703 258 761 Nam
287 705 393 763 crebris
416 705 560 779 vastisque
585 702 756 760 tremoribus
779 711 856 760 tecta
880 703 1021 760 nutabant
1043 711 1072 758 et
1097 702 1181 777 quasi
1190 703 1221 764 65

178 813 277 861 emota
299 803 415 862 sedibus
440 805 498 862 suis
526 820 604 858 nunc
629 801 695 870 huc,
718 819 795 858 nunc
820 800 886 858 illuc
907 801 985 858 abire
1008 809 1056 856 aut
1081 799 1180 857 referri

178 902 353 960 videbantur.
398 901 459 959 Sub
474 902 523 959 dio
537 917 635 958 rursus
656 917 834 977 quamquam
848 899 953 956 levium
967 916 1181 974 exesorumque

179 1003 328 1078 pumicum
343 1020 428 1060 casus
442 1002 640 1072 metuebatur;
663 999 743 1074 quod
764 1010 862 1058 tamen
880 999 1075 1074 periculorum
1089 997 1180 1056 colla·

178 1101 221 1158 tio
235 1101 329 1176 elegit.
373 1100 412 1158 Et
426 1101 504 1176 apud
523 1099 603 1156 illurn
618 1099 736 1174 quidem
755 1100 828 1158 ratio
847 1099 998 1168 rationem,
1015 1098 1093 1172 apud
1108 1096 1182 1156 alios

179 1201 314 1256 timorem
342 1201 428 1257 timor
455 1199 530 1256 vicit.
576 1197 734 1256 Cervicalia
761 1198 902 1273 capitibus
930 1197 1058 1271 inposita
1085 1194 1181 1254 linteis
1193 1211 1224 1264 70

180 1298 403 1372 constringunt:
447 1297 476 1354 id
510 1298 724 1355 munimentum
758 1296 895 1355 adversus
930 1294 1087 1352 incidentia
1118 1293 1181 1352 fuit.

179 1393 244 1452 Iam
267 1395 329 1454 dies
351 1396 425 1466 alibi,
448 1397 504 1454 illic
526 1413 585 1453 nox
608 1396 743 1453 omnibus
764 1395 900 1452 noctibus
922 1393 1030 1468 nigrior
1049 1393 1182 1451 densior·

180 1511 245 1568 que,
262 1513 351 1570 quam
372 1505 470 1553 tamen
489 1493 566 1552 faces
587 1494 694 1551 multae
716 1473 857 1569 variaque⁸
873 1493 983 1550 lumina
1004 1491 1181 1550 solabantur.

180 1591 291 1651 Placuit
311 1593 409 1669 egredi
432 1594 462 1650 in
480 1593 546 1651 litus
568 1602 596 1650 et
619 1611 655 1650 ex
676 1593 810 1668 proximo
833 1591 972 1666 aspicere,
994 1589 1099 1665 ecquid
1121 1589 1182 1647 iam

1314 1295 1315 1334 l

1314 1347 1315 1386 l

1314 1471 1315 1510 l

1314 1513 1315 1542 l

1313 1549 1315 1574 t

1314 1633 1315 1672 l

180 1710 259 1750 mare
279 1693 448 1764 admitteret,
464 1692 544 1769 quod
564 1692 659 1751 adhuc
674 1701 788 1749 vastum
809 1700 837 1748 et
858 1689 1009 1748 adversum
1028 1706 1182 1764 permane·
1195 1703 1225 1755 75

179 1792 237 1848 bat.
291 1791 336 1848 lbi
364 1809 451 1867 super
478 1793 622 1849 abiectum
650 1790 771 1848 linteum
805 1790 947 1847 recubans
976 1787 1066 1846 semel
1094 1797 1182 1863 atque

180 1890 284 1947 iterum
304 1889 436 1965 frigidam
454 1889 590 1964 poposcit
607 1889 768 1964 hausitque.
810 1887 924 1946 Deinde
941 1887 1076 1944 flammae
1097 1886 1182 1944 flam-

181 2005 352 2062 marumque
367 1988 554 2062 praenuntius
568 1986 642 2044 odor
660 1987 783 2062 sulpuris
800 1986 873 2045 alios
891 1988 922 2045 in
941 1987 1041 2062 fugam
1056 1993 1182 2055 vertunt,

181 2087 308 2144 excitant
322 2086 410 2143 illum.
453 2085 585 2143 Innitens
599 2086 717 2144 servulis
737 2086 853 2144 duobus
866 2086 1026 2145 adsurrexit
1041 2093 1070 2143 et
1084 2084 1181 2141 statim

182 2184 316 2255 concidit,
336 2194 367 2242 ut
388 2201 446 2259 ego
468 2183 583 2259 collig0‚
604 2185 743 2243 crassiore
765 2185 887 2261 caligine
909 2185 1009 2262 spiritu
1032 2184 1181 2241 obstructo
1191 2195 1225 2244 80

181 2283 339 2359 clausoque
354 2283 515 2353 stomacho,
531 2284 580 2358 qui
599 2283 638 2339 illi
659 2293 761 2341 natura
782 2284 923 2342 invalidus
943 2293 971 2341 et
992 2291 1133 2358 angustus
1153 2291 1182 2339 et

181 2383 345 2458 frequenter
359 2391 494 2439 aestuans
508 2387 576 2440 erat.
618 2380 678 2438 Ubi
697 2383 758 2441 dies
779 2382 907 2441 redditus
926 2382 962 2462 (is
984 2384 1022 2439 ab
1041 2398 1079 2439 eo
1092 2399 1181 2456 quem

182 2481 337 2538 novissime
360 2479 469 2538 viderat
490 2487 552 2536 erat
577 2478 697 2558 tertius),
720 2499 826 2558 corpus
851 2483 1000 2540 inventum
1026 2481 1180 2555 integnrm,

181 2578 323 2636 inlaesum
348 2589 549 2655 opertumque,
573 2587 605 2634 ut
628 2577 721 2636 fuerat
744 2580 877 2639 indutus:
909 2580 1024 2638 habitus
1049 2578 1181 2654 corporis

182 2677 340 2752 quiescenti
353 2682 448 2753 'quarn
470 2676 607 2734 defuncto
629 2676 755 2734 similior.
799 2677 918 2736 Interim
940 2677 1047 2735 Miseni
1071 2693 1129 2751 ego
1152 2686 1181 2734 et
1190 2687 1222 2746 85

182 2777 368 2834 mater—»sed
387 2776 456 2832 nihil
475 2775 514 2833 ad
532 2775 690 2844 historiam,
705 2794 760 2834 nec
782 2786 814 2833 tu
835 2777 912 2833 aliud
933 2793 1023 2852 quam
1044 2774 1081 2833 de
1103 2775 1182 2862 exitu

182 2875 244 2934 eius
269 2875 341 2932 scire
364 2875 485 2933 voluisti.
536 2875 640 2932 Finem
663 2891 734 2949 ergo
759 2873 870 2932 faciam.
921 2873 1023 2932 Unum
1048 2873 1181 2943 adiciam,

181 2975 282 3034 omnia
300 2993 348 3031 me
368 2975 471 3049 quihus
491 2974 677 3033 interfueram
692 2991 825 3050 quaeque
846 2975 950 3042 statim,
966 2991 1033 3032 cum
1054 2972 1181 3030 maxime

182 3092 251 3131 vera
271 3082 478 3143 memorantur,
493 3073 642 3130 audieram
662 3083 855 3148 persecutum.
897 3072 946 3130 Tu
965 3071 1116 3147 potissima
1129 3088 1180 3128 ex-

182 3190 291 3247 cerpes.
342 3170 430 3227 Aliud
458 3181 501 3228 est
525 3171 604 3228 enim
633 3173 787 3246 epistulam
814 3171 890 3228 aliud
918 3169 1075 3242 historiam,
1103 3169 1181 3228 aliud
1190 3191 1223 3241 90

183 3271 287 3341 amico,
309 3269 387 3328 aliud
408 3269 544 3328 omnibus
565 3271 700 3329 scribere.
742 3270 825 3329 Vale.
