2646 3914
176 119 217 186 32
447 113 469 160 A
495 114 692 162 SELECTION
711 112 814 161 FROM
836 111 906 159 THE

177 272 216 332 Et
243 273 360 332 Aurelia
388 273 506 350 quidem
528 274 603 346 vivit,
631 274 678 333 ille
706 283 804 332 tamen
831 272 908 332 istud
935 282 1085 347 tamquam
1112 284 1177 326 mo-

177 373 295 430 rituram
321 374 425 450 coegit,
447 382 476 432 et
500 373 548 432 hic
573 373 755 443 hereditates,
776 373 823 431 hic
848 371 950 448 legata,
976 369 1059 447 quasi
1083 385 1177 426 meres

178 481 250 542 atur,
273 473 385 548 accipit.
420 473 504 528 Ἀλλὰ
524 475 550 529 τί
570 476 723 543 turstanum
741 473 771 529 in
792 489 827 529 ea
848 471 969 541 civitate,
987 472 1018 528 in
1038 486 1097 544 qua
1117 467 1178 524 iam

177 569 291 648 pridem
311 589 373 629 non
390 571 502 631 minora
523 573 660 649 praemia,
676 573 767 630 immo
788 572 907 641 maiora,
927 567 1054 645 nequitia
1074 576 1103 626 et
1123 565 1177 622 im·

178 669 307 745 probitas
332 688 420 746 quarn
444 671 540 747 pudor
561 681 589 729 et
609 673 697 730 virtus
720 669 848 729 habent?
891 668 999 744 Aspice
1021 664 1176 740 Regulum,
1191 678 1227 728 40

180 768 229 844 qui
244 787 280 826 ex
294 787 422 846 paupere
437 780 466 827 et
480 770 560 828 tenui
582 770 619 828 ad
638 778 734 828 tantas
751 787 824 846 opes
838 787 890 846 per
904 767 1012 844 flagitia
1027 762 1177 843 processit,

179 875 210 924 ut
231 867 293 944 ipse
315 869 384 925 mihi
406 868 516 939 dixerit,
540 887 607 927 curn
628 869 800 939 consuleret,
823 885 912 944 quam
934 867 991 925 cito
1017 861 1179 924 sestertium

180 967 335 1025 sescenties
350 966 509 1047 inpleturus
524 977 608 1038 esset,
624 967 767 1026 invenisse
787 985 818 1025 se
838 975 904 1024 exta
925 963 1059 1040 duplicia,
1074 960 1179 1037 quibus

178 1065 312 1141 portendi
326 1065 419 1122 milies
433 1073 462 1124 et
476 1066 625 1124 ducenties
640 1065 813 1124 habiturum.
844 1064 882 1122 Et
896 1063 1022 1133 habebit,
1039 1059 1062 1119 si
1076 1057 1178 1127 modo,

179 1172 211 1220 ut
228 1163 334 1238 coepit,
352 1163 446 1222 aliena
466 1173 647 1236 testamenta,
668 1165 746 1240 quod
767 1172 810 1222 est
828 1160 1065 1238 inprobissimum
1084 1173 1179 1234 genus
1194 1169 1225 1220 45

180 1261 251 1333 falsi,
267 1263 337 1339 ipsis
352 1281 477 1340 quorum
492 1273 559 1324 sunt
573 1263 621 1322 illa
636 1265 791 1325 dictaverit.
834 1262 918 1320 Vale,

513 1487 565 1544 24.
608 1481 738 1561 (BOOK
763 1501 790 1558 3.
815 1467 854 1559 r.)

182 1607 253 1674 Pliny
264 1608 385 1660 describes
396 1611 457 1661 with
473 1612 621 1663 admiration
636 1615 679 1664 the
693 1614 796 1664 method
811 1614 859 1662 and
874 1612 1014 1662 refinement
1026 1609 1086 1660 with
1098 1608 1181 1657 which

377 1694 499 1759 Spurinna
510 1696 621 1761 disposes
633 1697 675 1746 the
686 1698 774 1747 leisure
786 1693 816 1746 of
822 1697 861 1744 his
873 1695 916 1745 old
927 1711 980 1759 age.

465 1833 490 1873 C.
511 1833 623 1874 PLINIUS
644 1834 775 1876 CALVISIO
796 1835 850 1878 SUO
871 1835 893 1875 S.

223 1944 332 2005 Nescio
353 1965 392 2004 an
412 1946 502 2004 ullum
523 1948 675 2007 iucundius
696 1957 810 2026 tempus
832 1949 987 2026 exegerim,
1009 1965 1097 2024 quarn
1119 1963 1180 2023 quo

182 2064 276 2123 nuper
289 2045 368 2122 apud
384 2045 559 2121 Spurinnam
573 2047 621 2117 fui,
638 2047 712 2107 adeo
729 2049 856 2126 quidem,
871 2058 902 2105 ut
919 2048 1067 2106 neminem
1085 2045 1180 2122 magis
1304 2107 1305 2128 3

182 2145 213 2202 in
233 2153 388 2217 senectute,
405 2146 428 2204 si
450 2147 540 2205 modo
563 2165 715 2206 senescere
737 2147 836 2206 datum
857 2156 909 2217 est,
925 2146 1062 2204 aemulari
1075 2144 1180 2202 velim:
1304 2139 1305 2234 l

182 2243 252 2302 nihil
273 2253 316 2302 est
337 2245 415 2302 enim
439 2244 488 2302 illo
510 2245 584 2304 vitae
608 2265 716 2322 genere
742 2246 910 2305 distinctius.
953 2244 1003 2303 Me
1029 2254 1125 2302 autem
1148 2251 1181 2300 ut
1304 2289 1305 2318 ,

183 2352 276 2402 certus
300 2344 426 2402 siderum
451 2363 552 2404 cursus
574 2347 614 2404 ita
634 2348 691 2405 vita
712 2347 865 2404 hominurn
887 2345 1026 2420 disposita
1048 2343 1211 2413 delectat‚⁵

185 2460 289 2500 senum
313 2442 489 2517 praesertim.
532 2442 611 2501 Nam
633 2445 750 2504 iuvenes
773 2443 895 2503 confusa
917 2443 1012 2501 adhuc
1037 2440 1182 2517 quaedam

185 2550 214 2599 et
241 2540 323 2616 quasi
347 2541 460 2598 turbata
484 2559 545 2599 non
567 2541 719 2614 indecent3
753 2543 870 2602 senibus
894 2541 1010 2619 placida
1032 2539 1131 2597 omnia
1152 2547 1183 2597 et

184 2639 316 2697 ordinata
344 2640 526 2709 conveniunt,
551 2640 657 2715 quibus
681 2640 819 2699 industria
848 2659 919 2710 sera,
945 2639 1036 2715 turpis
1060 2637 1181 2695 ambitio

185 2746 236 2796 est.
290 2736 378 2795 Hanc
399 2737 530 2813 regulam
552 2738 697 2814 Spurinna
719 2739 953 2797 constantissime
979 2745 1088 2806 servat;
1110 2734 1182 2810 quin

184 2837 271 2895 etiam
286 2854 374 2912 parva
388 2837 469 2908 haec,
484 2854 580 2914 parva,
596 2838 620 2896 si
634 2855 695 2896 non
715 2839 822 2897 cotidie
841 2839 921 2908 fiant,
935 2837 1035 2902 ordine
1050 2834 1182 2912 quodam
1200 2848 1230 2882 10

184 2946 213 2995 et
234 2934 311 2993 velut
338 2935 408 2993 orbe
436 2935 611 3012 circumagit.
664 2935 754 2994 Mane
781 2937 886 2995 lectulo
915 2936 1084 3005 continetur,
1109 2933 1183 2992 hora

184 3034 313 3094 secunda
341 3034 454 3093 calceos
482 3035 585 3111 poscit,
613 3035 741 3094 ambulat
773 3036 851 3094 milia
878 3052 1018 3113 passuum
1045 3033 1098 3092 tria
1125 3049 1182 3092 nec

183 3135 280 3193 minus
308 3131 438 3190 animum
466 3151 554 3209 quam
582 3151 688 3208 corpus
716 3144 839 3192 exercet.
896 3133 927 3190 Si
954 3131 1059 3191 adsunt
1086 3131 1182 3202 amici,

184 3230 380 3291 honestissimi
412 3249 563 3290 sermones
593 3232 788 3308 explicantur3
819 3233 842 3291 si
872 3250 941 3302 non,
970 3231 1042 3289 liber
1069 3229 1181 3306 legitur,

184 3331 330 3390 interdum
350 3331 438 3389 etiam
458 3331 658 3407 praesentibus
679 3332 788 3404 amicis,
810 3331 833 3389 si
853 3340 952 3388 tamen
972 3330 1012 3387 illi
1033 3347 1094 3388 non
1114 3343 1181 3405 gra»
1199 3344 1228 3397 15
1304 3319 1305 3374 ἶ

184 3439 294 3488 vantur.
336 3429 450 3488 Deinde
478 3430 612 3502 considit,
637 3439 666 3488 et
693 3431 764 3489 liber
788 3447 887 3488 rursus
910 3438 958 3487 aut
982 3447 1078 3488 sermo
1106 3429 1182 3488 libro

184 3528 296 3605 potior:
317 3547 387 3587 mox
402 3529 563 3588 vehiculum
584 3529 724 3602 ascendit,
741 3528 866 3587 adsumit
884 3545 1006 3585 uxorem
1028 3527 1181 3603 singularis
