2662 3914
188 149 230 212 86
457 162 480 210 A
507 161 705 212 sarrorror
723 163 829 211 raon
850 162 920 210 rna

186 323 274 397 capiti
295 340 349 380 suo
371 322 480 380 cultros
502 332 588 399 atque
609 324 696 381 etiam
721 341 758 380 ex
776 325 842 398 ipso
862 323 967 380 vertice
988 332 1191 398 amputantem

189 421 318 496 capillos.
373 419 432 477 Ubi
460 421 568 493 inluxit,
597 423 660 497 ipse
688 422 764 479 eirca
790 423 926 479 verticem
955 431 1065 492 tonsus,
1094 420 1192 496 capilli

189 520 317 578 iacentes
335 520 523 595 reperiuntur.
565 521 713 596 Exiguum
732 521 871 596 temporis
891 521 1029 590 medium,
1044 530 1073 579 et
1091 537 1190 579 rursus
1204 524 1239 573 60

190 617 283 675 simile
298 618 375 676 aliud
395 619 482 695 'priori
503 619 590 677 fidem
610 619 684 678 fecit.
727 619 803 677 Puer
824 620 855 677 in
877 619 1061 695 paedagogio
1082 619 1190 677 mixtus

190 715 320 791 pluribus
343 699 522 776 dormiebat:
552 728 693 776 venerunt
715 736 767 794 per
791 717 932 777 fenestras
953 716 1005 796 (ita
1028 713 1139 793 narrat)
1159 717 1191 773 in

191 815 295 873 tunicis
309 815 381 874 albis
400 815 460 876 duo
478 819 691 892 cubantemque
713 816 908 875 detonderunt
928 826 957 875 et
978 834 1037 891 qua
1050 823 1191 873 venerant

190 924 380 973 recesserunt.
431 915 519 973 Hunc
544 934 662 992 quoque
686 926 805 973 tonsum
833 933 1010 992 sparsosque
1038 916 1113 972 circa
1142 931 1191 971 ca·

191 1013 275 1088 pillos
291 1013 352 1071 dies
367 1015 500 1072 ostendit.
543 1014 621 1072 Nihil
641 1015 768 1073 notabile
789 1025 930 1086 secutum,
946 1015 1000 1072 nisi
1015 1014 1088 1072 sorte
1110 1011 1192 1089 quod
1206 1017 1239 1081 65
1322 1057 1326 1070 .

191 1130 254 1189 non
268 1111 308 1170 fui
322 1131 398 1183 reus,
412 1111 532 1184 futurus,
544 1114 568 1171 si
582 1113 775 1187 Domitianus,
788 1115 842 1173 sub
856 1132 915 1190 quo
929 1114 1003 1173 haec
1014 1112 1191 1182 acciderunt,

191 1211 299 1269 diutius
315 1211 438 1270 vixisset.
480 1211 558 1269 Nam
579 1213 609 1270 in
630 1214 736 1272 scrinio
758 1215 819 1272 eius
841 1214 925 1272 datus
946 1232 964 1271 a
986 1212 1063 1271 Caro
1084 1211 1192 1294 deme

190 1309 304 1368 libellus
332 1309 465 1367 inventus
492 1320 552 1382 est3
588 1329 624 1369 ex
649 1329 708 1388 quo
734 1313 891 1370 coniectari
914 1321 1019 1388 potest,
1045 1311 1112 1386 quia
1136 1309 1193 1368 reis
1223 1376 1237 1400 ·

192 1409 283 1466 moris
312 1416 356 1465 est
383 1409 560 1467 summittere
588 1410 732 1486 capillum,
760 1412 868 1469 recisos
902 1427 1035 1469 meorum
1071 1409 1192 1485 capillos

193 1506 306 1582 depulsi
330 1509 411 1584 quod
436 1510 605 1567 imminebat
632 1509 751 1585 periculi
778 1510 894 1585 signum
916 1508 1014 1568 fuisse.
1064 1507 1192 1566 Proinde
1208 1519 1242 1572 70

192 1621 266 1680 rogo
282 1605 475 1664 eruditionem
494 1617 575 1665 tuam
593 1605 738 1666 intendas.
779 1608 879 1682 Digna
898 1623 945 1664 res
966 1615 1010 1665 est
1032 1623 1120 1682 quam
1142 1603 1193 1662 diu

192 1703 373 1780 multumque
388 1705 563 1776 consideres,
578 1723 617 1764 ne
635 1723 692 1781 ego
713 1707 832 1782 quidem
846 1706 991 1782 'indignus
1010 1706 1056 1762 cui
1066 1697 1193 1779 'copiam

194 1805 331 1862 scientiae
352 1813 418 1862 tuae
438 1804 534 1862 facias.
576 1803 658 1863 Licet
682 1806 768 1862 etiam
792 1814 945 1880 utramque
966 1804 997 1862 in
1019 1813 1140 1880 partem,
1162 1813 1194 1860 ut

193 1901 281 1972 soles,
302 1901 441 1977 disputes,
464 1919 500 1959 ex
522 1902 611 1960 altera
630 1912 729 1960 tamen
751 1903 863 1974 fortius,
885 1922 923 1962 ne
946 1921 1001 1980 me,
1017 1919 1194 1978 suspensum

192 2000 393 2075 incertumque
414 1999 547 2070 dimittas,
569 2017 636 2059 cum
657 2000 727 2058 mihi
751 2003 921 2061 consulendi
946 2019 1033 2060 causa
1057 2001 1142 2059 fuerit
1162 2009 1195 2059 ut
1209 2011 1240 2064 75

193 2098 323 2157 dubitare
338 2098 509 2158 desinerem.
550 2098 633 2157 Vale.

515 2356 569 2410 69.
611 2348 740 2428 (BOOK
764 2364 790 2425 7.
814 2348 875 2428 33.)
954 2399 957 2406 .

228 2484 300 2546 Pliny
316 2485 378 2547 begs
394 2482 498 2531 Tacitus
521 2489 547 2531 to
567 2482 641 2530 insert
658 2481 683 2530 in
703 2481 741 2529 his
757 2481 882 2530 Histories
897 2497 965 2530 some
984 2481 1093 2531 mention
1110 2482 1140 2530 os
1153 2482 1196 2532 the

194 2566 293 2615 fearless
304 2566 357 2615 real
366 2565 426 2613 with
435 2565 518 2612 which
529 2565 567 2621 he,
576 2565 690 2628 together
698 2563 759 2612 with
770 2563 880 2621 Senecio,
888 2563 1005 2614 followed
1017 2581 1051 2630 up
1062 2565 1125 2614 their
1130 2564 1197 2628 joint

196 2648 280 2698 attack
294 2665 325 2697 on
337 2647 444 2698 Baebius
456 2647 547 2696 Massa.
980 2663 982 2667 ·

493 2787 519 2828 C·
539 2785 651 2826 PLINIUS
673 2785 779 2826 Tncrro
799 2785 853 2827 SUO
873 2786 896 2825 S.

236 2901 381 2976 Auguror,
397 2919 451 2958 nec
464 2919 513 2959 me
527 2899 597 2958 lallit
612 2900 772 2975 augurium,
787 2898 920 2958 historias
940 2909 1005 2959 tuas
1018 2901 1197 2958 immortales

194 3001 305 3060 futuras
314 3019 322 3072 3
345 2987 512 3076 quo'magis
525 3000 589 3071 illis,
600 2997 860 3075 ingenuetatebor,
876 2999 963 3056 inseri
978 3000 1075 3074 cupio·
1117 2997 1196 3056 Nam

196 3103 220 3161 si
236 3119 299 3159 esse
313 3098 398 3157 nobis
413 3116 498 3156 curae
513 3098 587 3157 solet
604 3108 636 3156 ut
656 3098 744 3156 facies
765 3108 864 3156 nostra
885 3099 923 3156 ab
943 3099 1055 3174 optimo
1077 3113 1196 3173 quoque

196 3201 304 3258 artifice
336 3199 520 3274 exprimatur,
548 3215 647 3259 nonne
683 3196 823 3255 debemus
857 3205 958 3273 optare
993 3206 1025 3254 ut
1059 3197 1197 3272 operibus

196 3301 303 3358 nostris
324 3298 431 3380 similis.
450 3297 491 3355 tui
516 3298 638 3373 scriptor
661 3295 898 3372 praedicatorque
924 3296 1094 3371 contingat?
1135 3293 1224 3354 De·5

195 3409 328 3457 monstro
364 3414 444 3474 ergo,
472 3413 651 3473 quamquam
686 3395 863 3471 diligentiam
897 3403 977 3451 tuam
1005 3393 1107 3470 fugere
1134 3411 1197 3452 non

196 3498 297 3572 possit,
326 3517 393 3556 cum
423 3497 459 3556 sit
485 3497 516 3554 in
546 3495 668 3570 publicis
697 3494 776 3565 actis,
799 3492 969 3552 demonstro
997 3501 1104 3562 tamen,
1136 3509 1197 3567 quo

195 3595 289 3671 magis
319 3597 420 3656 credas
450 3593 609 3654 iucundum
638 3593 707 3650 mihi
735 3591 872 3663 futurum,
900 3591 924 3648 si
952 3590 1059 3648 factum
1087 3607 1195 3660 meum,
