2646 3914
168 140 209 201 14
438 133 460 180 A
486 133 684 183 snruorrou
702 134 806 182 mou
826 133 896 180 run

169 298 303 374 picturas,
317 297 470 356 hominum
490 296 614 373 denique
633 297 848 372 multorumque
867 295 1032 353 animalium
1047 293 1163 365 formas
1236 356 1240 360 ,

170 399 306 455 arborum
334 397 429 468 etiam,
454 396 478 454 si
506 397 597 456 modo
622 397 677 454 sint
706 396 837 468 decorae,
862 395 931 453 nihil
959 384 1054 470 magis
1076 411 1164 470 quam
1206 417 1209 424 ¹

170 495 330 572 amplitudo
365 496 559 554 commendet.
614 493 698 554 Idem
733 495 911 554 orationibus
942 494 1054 562 evenit;
1095 492 1165 566 quin

169 594 257 652 etiam
276 594 469 652 voluminibus
488 595 558 671 ipsis
578 595 775 652 auctoritatem
795 592 944 670 quandam
962 600 991 650 et
1010 589 1164 667 pulchritu-
1178 601 1210 656 ,20
1311 647 1312 662 ,

169 691 268 750 dinem
297 692 382 752 adicit
410 693 589 770 magnitudo
641 692 726 752 Haec
753 692 799 751 ille
827 692 972 768 multaque
1001 689 1063 761 alia,
1089 706 1164 766 quae

169 811 186 849 a
210 810 258 849 me
282 791 312 849 in
336 791 460 849 eandem
485 791 659 850 sententiam
683 792 778 850 solent
803 791 867 862 dici,
889 801 921 849 ut
945 800 989 849 est
1013 789 1044 847 in
1066 788 1164 863 dispu-

169 890 260 949 tando
291 889 578 966 inconprehensibilis
609 899 638 947 et
668 891 801 960 lubricus,
832 890 871 948 ita
902 889 997 960 eludit,
1026 899 1058 946 ut
1093 903 1164 945 con-

169 990 269 1052 tendat
287 989 343 1048 hos
361 989 451 1063 ipsos,
466 1006 590 1065 quorum
603 989 781 1048 orationibus
796 989 877 1059 nitar,
893 989 1030 1065 pauciora
1048 986 1163 1054 dixisse,

169 1107 258 1166 quam
287 1086 435 1147 ediderint.
491 1085 556 1162 Ego
585 1098 687 1145 contra
717 1098 806 1164 puto:
843 1097 931 1146 testes
959 1096 1026 1146 sunt
1056 1085 1163 1143 multae
1179 1097 1208 1147 ²5
1311 1071 1312 1102 ³

169 1190 325 1247 multorum
345 1187 490 1244 orationes
511 1195 540 1243 et
561 1185 711 1244 Ciceronis
731 1205 785 1262 pro
808 1185 939 1258 Murena,
961 1203 1015 1262 pro
1034 1183 1161 1254 Vareno,

168 1289 199 1346 in
231 1288 335 1364 quibus
365 1286 461 1344 brevis
490 1295 518 1344 et
553 1287 631 1345 nuda
662 1287 744 1362 quasi
776 1287 947 1363 subscriptio
980 1283 1163 1363 quorundam

169 1387 321 1445 criminum
356 1384 423 1442 solis
457 1383 544 1443 titulis
577 1385 737 1444 indicatur:
778 1404 814 1443 ex
849 1385 894 1443 his
928 1393 1047 1460 apparet
1083 1382 1163 1439 illum

169 1484 311 1561 permulta
331 1484 445 1554 dixisse,
464 1501 531 1542 cum
551 1483 657 1554 ederet,
671 1483 812 1542 omisisse.
839 1483 938 1542 'Idem
958 1501 1012 1559 pro
1027 1474 1162 1541 Cluentio

127 1624 130 1630 ,
168 1584 208 1642 ait
235 1602 266 1641 se
293 1593 385 1641 totam
413 1600 531 1641 causam
555 1591 650 1640 vetere
677 1583 807 1641 instituto
836 1583 931 1641 solum
958 1599 1108 1657 perorasse
1133 1589 1162 1638 et
1176 1591 1208 1640 30
1311 1645 1312 1666 χ

168 1700 223 1758 pro
249 1679 282 1740 C.
307 1679 444 1739 Cornelio
469 1679 630 1756 quadriduo
654 1680 767 1756 egisse3
800 1699 837 1738 ne
863 1679 991 1740 dubitare
1016 1679 1163 1755 possimus

168 1796 242 1853 quae
264 1778 432 1855 perplures
453 1778 523 1848 dies,
544 1787 577 1834 ut
601 1795 720 1835 necesse
742 1786 810 1848 erat,
832 1777 915 1836 latius
937 1777 1038 1836 dixerit
1059 1789 1163 1853 postea

167 1877 259 1936 recisa
273 1895 307 1936 ac
321 1886 476 1952 repurgata
494 1877 523 1933 in
537 1894 629 1932 unum
647 1875 760 1945 librum,
775 1875 915 1950 grandem
930 1876 1056 1953 quidem,
1071 1893 1162 1935 unum

166 1984 273 2046 tamen,
299 1985 452 2033 coartasse.
504 1973 544 2031 At
571 1973 648 2032 aliud
672 1981 716 2031 est
744 1973 819 2032 actio
843 1972 934 2044 bona,¹
956 1974 1034 2033 aliud
1061 1975 1159 2032 oratio.

168 2072 235 2132 Scio
259 2091 321 2131 non
349 2072 434 2132 nullis
458 2073 497 2130 ita
521 2072 617 2131 videri.
661 2071 719 2130 Sed
743 2091 809 2149 ego,
835 2071 955 2131 forsitan
982 2072 1072 2146 fallar,
1096 2093 1160 2150 per·
1177 2081 1208 2132 35

167 2190 284 2232 suasum
308 2170 404 2229 habeo
429 2189 515 2247 posse
540 2171 600 2228 fieri
624 2179 655 2228 ut
680 2172 715 2229 sit
739 2173 815 2229 actio
839 2173 919 2230 bona
940 2190 1015 2247 quae
1040 2190 1101 2231 non
1126 2175 1162 2231 sit

166 2273 245 2330 bona
270 2270 371 2340 oratio,
397 2287 458 2328 non
486 2288 573 2347 posse
602 2287 663 2328 non
687 2271 796 2329 bonam
825 2272 970 2331 actionem
998 2290 1061 2330 esse
1086 2291 1162 2348 quae

166 2371 202 2429 sit
229 2371 308 2428 bona
337 2369 438 2427 oratio.
494 2368 547 2426 Est
578 2369 656 2426 enim
687 2369 779 2428 oratio
808 2369 930 2429 actionis
958 2371 1106 2446 exemplar
1132 2379 1162 2430 et

166 2469 249 2545 quasi
275 2467 427 2540 ἀρχέτυπον.
482 2449 555 2526 ldeo
586 2467 616 2524 in
648 2469 758 2543 optima
793 2487 907 2545 quaque
942 2468 1019 2527 mille
1055 2470 1161 2546 figuras
1311 2537 1312 2540 Ἴ

167 2565 377 2642 extemporales
405 2565 573 2636 invenimus,
598 2565 629 2622 in
656 2567 691 2624 iis
716 2568 803 2625 etiam
830 2584 903 2644 quas
930 2576 1042 2627 tantum
1070 2569 1161 2627 editas
1175 2584 1209 2634 40
1311 2563 1312 2630 J

167 2666 284 2736 seimus,
297 2672 339 2728 ,ut
361 2664 392 2719 in
411 2660 540 2734 Verrem,
563 2663 717 2722 ‘artificem
741 2665 850 2740 quem?
878 2666 1055 2741 quemnam?
1083 2674 1160 2724 recte
1311 2655 1312 2658 ¹

164 2764 329 2830 admones:
365 2760 536 2835 Polyclitum
563 2779 628 2820 esse
657 2761 809 2821 dicebant!
870 2762 1003 2840 Sequitur
1030 2782 1101 2840 ergo
1129 2774 1162 2823 ut

167 2862 243 2923 actio
263 2862 298 2920 sit
317 2860 529 2919 absolutissima
548 2878 622 2936 quae
643 2862 769 2920 maxime
787 2861 927 2920 orationis
946 2863 1161 2921 similitudinem

166 2960 349 3038 expresserit,
375 2960 400 3018 si
424 2960 514 3019 modo
538 2960 645 3019 iustum
669 2969 698 3018 et
725 2959 854 3018 debitum
878 2970 994 3037 tempus
1019 2961 1161 3037 accipiat:

168 3060 248 3139 quod
273 3059 297 3117 si
321 3068 450 3133 negetur,
475 3057 554 3117 nulla
577 3057 709 3131 oratoris,
731 3059 859 3118 maxima
879 3060 980 3119 iudicis
1001 3060 1086 3136 culpa
1107 3071 1159 3120 est.
1175 3080 1207 3132 45

165 3160 283 3224 Adsunt
302 3157 368 3215 huic
387 3157 519 3232 opinioni
538 3174 620 3228 meae
639 3158 727 3233 leges,
748 3176 823 3234 quae
842 3157 1011 3235 longissima
1029 3169 1161 3236 tempora

165 3259 324 3335 largiuntur
346 3273 401 3348 nec
422 3256 590 3314 brevitatem
615 3256 784 3327 dicentibus,
811 3257 863 3316 sed
888 3259 1013 3334 copiam,
1038 3260 1095 3318 hoc
1117 3269 1161 3318 est

166 3356 351 3432 diligentiam,
374 3355 512 3427 suadent;
542 3370 631 3430 quam
656 3363 800 3429 praestare
821 3355 877 3412 nisi
898 3356 927 3413 in
949 3358 1161 3432 angustissimis

164 3455 261 3516 ¹causis
292 3473 352 3512 non
387 3461 485 3530 potest
518 3451 650 3511 brevitas.
700 3452 833 3510 Adiciam
868 3454 948 3530 quod
983 3473 1030 3512 me
1062 3455 1160 3515 docuit

163 3571 245 3626 usus,
271 3554 408 3629 magister
430 3551 573 3628 egregius.
615 3549 792 3628 Frequenter
816 3551 871 3626 egi,
901 3549 1063 3629 frequenter
1087 3555 1159 3614 iudi·
1174 3572 1209 3624 50
