2646 3914
182 121 199 166 2
440 114 462 162 A
487 113 686 163 SELECTION
705 110 810 159 FROM
832 108 901 158 THE

182 275 391 336 consuetudine
413 286 462 336 tua
480 287 508 336 et
525 278 605 353 legas
626 283 654 335 et
673 273 821 342 emendes,
837 289 873 330 eo
894 269 996 345 magis,
1012 268 1092 344 quod
1111 267 1180 327 nihil

181 394 322 453 umquam
342 395 487 453 peraeque
502 377 607 435 eodem
627 377 694 451 ζήλῳ
711 372 861 448 scripsisse
875 369 982 427 videor.
1026 367 1180 443 Temptavi

184 476 263 533 enim
293 475 397 534 imitari
424 475 646 535 Demosthenen
675 490 790 548 semper
818 481 907 539 tuum,
937 466 1057 526 Calvum
1090 478 1210 541 nupers

122 608 124 612 ·
183 592 291 646 meum,
303 575 453 634 dumtaxat
464 574 561 651 figuris
573 573 729 650 orationis:
749 589 818 628 nam
830 569 888 626 vim
899 576 1044 626 tantorum
1056 566 1182 624 virorum

183 673 287 748 ‘pauci
307 692 382 749 quos
402 692 512 750 aequus
531 671 653 732 amavit’
669 669 790 747 adsequi
809 677 940 746 possunt.
984 665 1049 724 Nec
1063 664 1182 722 materia

181 770 248 848 ipsa
267 771 343 844 huic,
357 791 457 832 vereor
474 791 512 830 ne
531 771 652 846 inprobe
670 770 773 840 dicam,
793 765 978 827 aemulationi
995 763 1181 840 repugnavit:

185 880 245 927 erat
272 871 351 928 enim
375 890 467 948 prope
492 879 553 929 tota
580 869 611 927 in
635 867 824 927 contentione
851 862 974 923 dicendi.
1016 861 1106 934 Quod
1133 879 1182 919 me

182 966 289 1045 longae
314 968 441 1028 desidiae
469 969 694 1028 indormientem
723 964 863 1034 excitavit,
893 963 917 1020 si
945 960 1036 1019 modo
1065 962 1089 1019 is
1117 979 1183 1020 sum
1199 976 1231 1010 10

185 1084 241 1142 ego
259 1068 309 1142 qui
329 1068 448 1126 excitari
469 1068 588 1144 possim.
632 1067 704 1125 Non
723 1074 821 1123 tamen
840 1060 962 1119 omnino
982 1058 1074 1118 Marci
1093 1060 1184 1117 nostri

184 1165 309 1235 ληκύθους
339 1165 475 1242 fugimus,
506 1167 641 1243 quotiens
673 1164 792 1243 paulum
823 1160 924 1218 itinere
954 1157 1094 1216 decedere
1122 1176 1184 1216 non

186 1263 393 1339 intempestivis
412 1265 634 1323 amoenitatibus
651 1263 899 1323 admonebamur:
921 1275 1002 1316 acres
1017 1257 1096 1314 enim
1110 1274 1183 1325 esse,

186 1378 248 1419 non
272 1362 366 1420 tristes
387 1362 563 1421 volebamus.
606 1361 671 1421 Nec
696 1371 739 1420 est
764 1358 845 1436 quod
868 1365 953 1433 putes
978 1373 1026 1414 me
1051 1356 1104 1413 sub
1129 1353 1183 1413 hac

187 1460 359 1536 exceptione
383 1461 509 1544 veniam¹
526 1461 680 1536 postulare.
722 1458 802 1516 Nam
830 1473 889 1534 quo
914 1453 1007 1530 magis
1036 1452 1184 1511 intendam
1200 1469 1229 1520 15

186 1555 287 1615 limam
311 1568 400 1629 tuam,
423 1559 585 1617 confitebor
605 1569 633 1617 et
658 1559 755 1634 ipsum
778 1549 877 1614 meet
902 1552 1123 1612 contubernales
1147 1552 1184 1609 ab

188 1652 315 1713 editione
339 1673 400 1714 non
425 1655 587 1728 abhorrere,
610 1657 634 1714 si
658 1655 750 1714 modo
775 1663 805 1711 tu
831 1652 951 1710 fortasse
973 1651 1060 1708 errori
1083 1660 1184 1709 nostro

188 1751 287 1812 album
301 1754 443 1813 calculum
458 1754 604 1813 adieceris.
647 1753 701 1814 Est
715 1753 793 1812 enim
807 1751 893 1828 plane
908 1748 1015 1826 aliquid
1028 1748 1184 1819 edendum,

187 1861 274 1926 atque
298 1851 409 1910 utinam
437 1851 494 1911 hoc
522 1853 707 1929 potissimum
735 1850 816 1928 quod
843 1858 975 1924 paratum
1000 1849 1060 1906 estl
1090 1846 1185 1927 (audis

189 1948 316 2007 desidiae
350 1958 450 2007 votum
461 1947 484 2026 i)
521 1950 667 2009 edendum
706 1961 803 2008 autem
841 1965 877 2005 ex
917 1946 1045 2023 pluribus
1081 1947 1184 2017 causis,
1202 1967 1233 2001 ιο

188 2047 316 2105 maxime
340 2047 421 2124 quod
448 2047 534 2105 libelli
560 2065 634 2123 quos
659 2047 807 2105 emisimus
833 2045 967 2103 dicuntur
994 2044 1023 2100 in
1051 2046 1185 2103 manibus

188 2163 261 2216 esse,
285 2145 416 2222 quamvis
440 2145 498 2203 iam
522 2146 644 2221 gratiam
668 2145 802 2204 novitatis
828 2143 958 2202 exuerint
970 2161 978 2214 ;
1009 2142 1064 2200 nisi
1088 2153 1186 2203 tamen

189 2244 305 2302 auribus
330 2243 435 2302 nostris
459 2244 635 2320 bibliopolae
659 2243 853 2302 blandiuntur.
896 2241 955 2300 Sed
980 2259 1050 2300 sane
1074 2242 1186 2300 blandi-

189 2353 282 2412 antur,
304 2341 375 2400 dum
399 2359 451 2417 per
471 2342 528 2400 hoc
552 2342 737 2400 mendacium
761 2341 847 2402 nobis
868 2341 962 2400 studia
986 2349 1085 2400 nostra
1106 2359 1186 2400 com-

190 2439 338 2498 mendent.
381 2437 462 2497 Vale.

533 2652 564 2706 3.
606 2645 736 2725 (BOOK
761 2667 785 2706 1.
809 2644 850 2725 3.)

200 2801 271 2866 Pliny
283 2798 395 2850 counsels
406 2799 524 2851 Caninius
536 2809 563 2851 to
575 2802 675 2867 employ
685 2803 723 2851 his
734 2801 866 2867 delighttul
878 2803 1018 2852 retirement
1031 2810 1057 2852 at
1069 2802 1177 2874 Comum

594 2886 620 2933 in
631 2885 785 2949 authorship.

436 3019 460 3061 C·
482 3021 593 3061 PLINIUS
615 3021 731 3062 CANINIO
753 3021 830 3063 RUFO
851 3021 905 3063 SUO
926 3021 948 3063 S.

235 3127 316 3201 Quid
337 3127 396 3205 agit
413 3127 550 3200 Comum,
569 3140 634 3188 tuae
655 3147 796 3205 meaeque
814 3131 953 3190 deliciae?
978 3131 1048 3209 quid
1069 3131 1190 3190 suburb-

194 3246 284 3286 anum
299 3215 556 3291 amoenissimum?
577 3228 648 3304 quid
661 3228 708 3286 illa
722 3230 849 3304 porticus
863 3248 951 3288 verna
966 3228 1098 3304 semper?
1120 3229 1191 3306 quid

194 3326 333 3403 platanon
358 3325 571 3400 opacissimus?
602 3327 673 3403 quid
700 3327 816 3404 euripus
841 3327 938 3386 viridis
963 3338 991 3386 et
1018 3329 1191 3405 gemmeus?

195 3424 266 3500 quid
286 3424 431 3483 subiectus
450 3434 478 3484 et
497 3426 624 3484 serviens
644 3426 744 3486 lacus?
772 3425 842 3502 quid
863 3425 910 3484 illa
931 3425 1026 3484 mollis
1046 3435 1192 3485 ettamen

194 3522 288 3584 solida
316 3524 459 3599 gestatio?
496 3525 565 3602 quid
593 3523 740 3584 balineum
767 3523 847 3596 illud,
875 3523 955 3602 quod
983 3524 1122 3602 plurimus
1147 3526 1219 3587 sols

1312 887 1314 950 l
