2646 3914
204 129 364 179 LETTERS
387 130 432 178 OF
454 131 484 182 C.
500 131 649 180 PLINIUS
673 131 862 182 CAECILIUS
883 134 1074 182 SECUNDUS·
1099 107 1154 202 *55
1214 191 1217 202 ,

151 290 297 366 paulisper
319 309 349 349 se
371 291 445 350 intra
466 290 610 349 silentium
629 292 731 364 tenuit,
746 292 828 368 quod
846 291 885 350 illi
907 293 1062 369 plurimum
1089 312 1156 352 auc·

152 389 275 448 toritatis
289 389 433 462 addebat;
456 389 561 448 deinde
575 390 714 465 gravitate
728 408 818 466 quarn
838 409 925 450 noras
946 398 1081 451 ‘necesse
1096 392 1156 449 est*

110 511 143 558 30
152 487 246 562 inquit
266 489 399 564 ‘parcius
418 488 536 546 laudem
556 487 732 559 Secundum,
748 490 900 565 quianihil
915 491 970 549 nisi
985 510 1021 549 ex
1035 491 1157 549 consilio

153 603 222 645 meo
249 584 334 644 facit!
377 585 445 658 Qua
469 604 542 645 voce
570 586 668 644 tribuit
695 586 766 644 mihi
795 597 937 663 quantum
966 599 1064 666 petere
1088 598 1157 647 voto

152 685 335 744 inmodicum
362 697 430 758 erat,
459 686 529 744 nihil
556 704 604 744 me
632 685 726 744 lacere
754 705 815 744 non
844 690 1064 764 sapientissime,
1078 707 1157 758 ,curn

154 783 254 842 omnia
278 802 314 842 ex
337 786 459 844 consilio
485 784 687 860 sapientissimi
709 785 761 842 viri
783 784 919 844 facerem.
966 785 1045 857 Quin
1071 789 1157 846 etiam

137 865 282 940 ¹moriens
303 882 376 941 filiae
398 902 468 942 suae
490 880 566 961 (ipsa
589 882 663 940 solet
683 880 871 962 praedicare),
893 885 1016 942 ‘multos
1038 885 1157 961 quidem

6 993 16 1016 ⁹
51 1043 54 1049 ,
115 999 144 1049 35
155 982 266 1038 amicos
280 981 330 1039 tibi
344 991 376 1039 ut
392 981 523 1057 longiore
538 981 594 1039 vita
613 981 718 1057 paravi,
733 982 904 1057 praecipuos
926 993 1024 1040 tamen
1047 982 1157 1041 Secun-

156 1077 227 1136 dum
252 1088 281 1136 et
305 1077 484 1138 Cornutum!
528 1079 618 1151 Quod
646 1098 713 1138 eum
736 1082 882 1153 recordor,
908 1082 1062 1157 ‘intellego
1086 1081 1157 1139 mihi

155 1175 348 1235 laborandum
368 1196 405 1236 ne
420 1197 478 1255 qua
497 1189 580 1255 parte
594 1178 692 1237 videar
710 1178 786 1239 hanc
806 1179 842 1238 de
861 1199 909 1239 me
931 1181 1067 1241 fiduciam
1088 1198 1157 1256 pro-

157 1273 343 1334 videntissimi
358 1276 409 1334 viri
424 1277 605 1336 destituisse!
648 1277 747 1349 Quare
762 1297 819 1354 ego
831 1297 900 1338 vero
910 1279 1052 1338 Corelliae
1066 1281 1156 1338 adero

156 1375 373 1449 promptissime
387 1393 442 1434 nec
460 1376 555 1434 subire
575 1376 704 1434 offensas
722 1380 880 1438 recusabo:
904 1397 1081 1455 quamquam
1096 1396 1157 1437 non

115 1497 148 1547 40
157 1471 252 1530 solum
273 1473 387 1530 veniam
407 1491 456 1532 me
475 1492 576 1532 verum
599 1475 685 1532 etiarn
706 1475 822 1534 laudem
844 1477 922 1553 apud
943 1479 1030 1537 istum
1051 1479 1155 1555 ipsum,

159 1588 178 1627 a
192 1587 259 1645 qun,
275 1581 307 1629 ut
321 1573 373 1644 ais,
387 1578 464 1631 notia
478 1572 511 1631 lis
526 1573 647 1631 fortasse
665 1582 697 1631 ut
711 1572 835 1633 feminae
854 1576 1020 1647 intenditur,
1036 1578 1158 1635 arbitror

159 1681 391 1742 consecuturum,
413 1671 437 1729 si
462 1671 534 1730 haec
559 1671 662 1729 eadem
687 1672 717 1728 in
745 1673 868 1744 actione,
891 1674 975 1732 latius
1000 1676 1107 1733 scilicet
1127 1684 1158 1732 et

157 1769 281 1841 uberius,
297 1789 385 1846 quam
400 1771 585 1846 epistularum
605 1770 754 1844 angustiae
770 1771 876 1844 sinunt,
890 1773 935 1830 vel
949 1774 979 1830 in
994 1775 1157 1832 excusatio·

158 1886 227 1927 nem
241 1867 285 1926 vel
299 1869 386 1926 etiam
400 1868 686 1928 commendationem
700 1887 797 1932 meam
810 1871 920 1930 dixero.
962 1870 1043 1930 Vale.

483 2121 529 2174 41.
573 2111 751 2194 (soora
777 2110 836 2191 19.)

192 2247 263 2311 Pliny
280 2247 402 2296 describes
419 2253 445 2296 to
461 2245 585 2310 Hispulla,
599 2251 659 2295 aunt
674 2244 704 2293 of
715 2244 754 2292 his
771 2244 827 2292 wife
841 2244 981 2308 Calpurnia,
1000 2245 1041 2293 the
1058 2245 1156 2294 interest

158 2329 188 2380 of
198 2331 240 2379 the
251 2331 324 2380 latter
339 2330 363 2378 in
378 2330 412 2379 all
427 2330 466 2378 his
479 2328 594 2393 pursuits,
606 2328 645 2376 his
657 2333 804 2390 consequent
817 2327 930 2376 affection
941 2327 979 2376 sor
990 2327 1040 2387 her,
1054 2328 1102 2378 and
1114 2328 1156 2376 the

157 2414 282 2478 gratitude
302 2413 383 2462 which
404 2414 436 2462 he
458 2411 516 2461 feels
536 2418 563 2460 to
584 2410 702 2474 Hispulla
724 2425 752 2458 as
775 2409 816 2458 the
839 2424 911 2457 cause
928 2409 959 2458 os
975 2410 1037 2459 their
1059 2411 1156 2459 mutual

156 2497 296 2561 happiness.

314 2637 338 2677 C.
361 2633 473 2675 PLINIUS
494 2631 857 2675 anPtJthrnErrlsPrrLLnE
878 2631 951 2671 SUAE
971 2631 993 2671 S.

201 2749 277 2808 Cum
292 2749 330 2808 sis
344 2749 457 2827 pietatis
477 2747 643 2823 exemplum
662 2746 836 2821 fratremque
854 2745 998 2820 optimum
1012 2754 1041 2803 et
1055 2765 1155 2804 aman·
1251 2730 1253 2736 ’

157 2850 302 2909 tissimum
326 2849 367 2906 tui
391 2848 451 2923 pari
476 2847 592 2906 caritate
615 2845 746 2904 dilexeris
770 2845 915 2920 filiamque
938 2844 999 2902 eius
1022 2849 1053 2902 ut
1076 2854 1155 2902 tuam

158 2949 260 3025 diligas
281 2966 336 3006 nec
358 2956 469 3004 tantum
490 2946 593 3004 amitae
617 2944 643 3003 ei
667 2943 812 3002 adfectum
832 2944 1042 3001 verumetiam
1066 2943 1155 3018 patris

6 3037 7 3044 ἵ
89 3094 96 3113 .
157 3049 257 3110 amissi
281 3056 487 3122 repraesentes,
512 3063 572 3103 non
601 3044 700 3102 dubito
724 3044 855 3101 maximo
883 3043 934 3100 tibi
955 3043 1063 3120 gaudio
1084 3042 1154 3113 fore,

132 3167 227 3228 5cum
247 3147 418 3222 cognoveris
432 3144 552 3220 dignam
569 3153 658 3220 patre,
674 3143 793 3218 dignam
815 3152 852 3214 te,
872 3143 992 3218 dignam
1013 3159 1066 3200 avo
1089 3159 1154 3198 eva·

158 3250 234 3308 dere.
279 3244 432 3303 Summum
453 3252 497 3302 est
518 3261 650 3314 acumen,
673 3259 787 3300 summa
808 3241 970 3317 frugalitas:
1002 3247 1079 3298 amat
1098 3257 1155 3310 me,

158 3346 239 3425 quod
254 3345 390 3404 castitatis
405 3343 543 3402 indicium
558 3352 608 3401 est.
650 3339 772 3399 Accedit
787 3339 831 3397 his
849 3339 976 3398 studium
990 3338 1154 3410 litterarum,

160 3445 241 3523 quod
260 3463 296 3504 ex
315 3445 372 3501 mei
387 3443 501 3502 caritate
523 3441 657 3517 concepit
669 3461 686 3497 :-
701 3456 784 3497 meos
804 3437 915 3495 libellos
929 3437 1023 3507 habet,
1039 3436 1154 3496 lectitat.

159 3543 262 3604 ediscit
284 3543 378 3602 etiam.
431 3540 499 3612 Qua
521 3539 568 3598 illa
592 3538 792 3612 sollicitudine,
819 3555 886 3596 cum
912 3536 1011 3594 videor
1032 3546 1155 3605 acturus,
