2646 3914
451 123 472 172 A
498 123 694 172 SELECTION
713 122 817 174 FROM
839 121 909 170 THE

507 289 554 344 21.
597 279 726 360 (BOOK
749 302 775 341 2.
802 279 861 362 17.)

320 429 345 478 A
356 428 504 493 description
516 430 546 479 of
553 427 643 493 Pliny's
655 427 802 478 Laurentiue
813 433 917 493 country
926 428 1012 478 house.
1089 435 1091 439 '

488 565 882 608 c.rr1unrssnnrosuos
951 557 952 562 ’

225 666 340 740 Miraris
365 699 415 740 cur
437 699 485 740 me
507 681 717 741 Laurentinum
738 681 791 752 vel,
817 681 841 740 si
864 680 903 740 ita
926 681 1027 754 mavis,
1048 680 1181 742 Laurens

184 797 284 846 meum
304 790 384 840 tanto
405 799 494 859 opere
513 781 650 840 delectet:
673 781 788 840 desines
804 780 907 854 mirari,
923 799 991 840 cum
1010 781 1181 858 cognoveris

183 880 307 956 gratiam
321 881 412 951 villae,
433 881 681 956 opportunitatem
701 879 766 953 loci,
781 880 871 938 litoris
892 881 1026 956 spatium.
1068 871 1198 938 Decem*

185 986 214 1037 et
227 988 340 1055 septem
353 979 469 1038 milibus
484 998 624 1055 passuum
638 981 676 1037 ab
693 979 764 1038 urbe
785 979 910 1049 recessit,
924 989 956 1037 ut
970 978 1092 1056 peractis
1106 995 1182 1052 quae

185 1079 299 1154 agenda
313 1077 419 1138 fuerint
439 1078 518 1137 salvo
532 1080 589 1136 iam
604 1089 633 1137 et
647 1079 812 1155 composito
833 1079 878 1137 die
892 1079 987 1156 possis
1002 1078 1041 1135 ibi
1055 1094 1182 1136 manere.
1197 1089 1212 1138 5

185 1176 290 1237 Aditur
303 1195 366 1235 non
384 1195 443 1234 una
456 1180 518 1236 via:
540 1196 609 1236 nam
628 1188 656 1236 et
672 1177 847 1236 Laurentina
865 1188 893 1237 et
913 1177 1056 1238 Ostiensis
1076 1175 1182 1234 eodem

185 1274 290 1347 ferunt,
306 1275 358 1334 sed
373 1275 549 1334 Laurentina
567 1295 584 1334 a
605 1286 708 1352 quarto
729 1277 844 1336 decimo
863 1277 967 1353 lapide,
983 1275 1125 1336 Ostiensis
1145 1275 1183 1332 ab

185 1373 340 1432 undecimo
361 1373 548 1451 relinquenda
569 1385 621 1434 est.
667 1375 819 1452 Utrimque
838 1376 945 1452 excipit
964 1376 1018 1433 iter
1031 1373 1127 1449 aliqua
1147 1390 1183 1430 ex

185 1483 267 1548 parte
281 1472 466 1545 harenosum,
478 1473 582 1533 iunctis
597 1475 683 1551 paulo
697 1476 812 1550 gravius
827 1484 855 1534 et
869 1474 993 1550 longius,
1005 1490 1082 1549 equo
1095 1472 1182 1529 breve

186 1581 214 1629 et
235 1571 331 1630 molle.
373 1570 462 1630 Varia
481 1571 548 1631 hinc
567 1582 653 1650 atque
668 1574 735 1632 inde
751 1572 856 1632 facies:
880 1591 950 1630 nam
969 1571 1060 1629 modo
1082 1586 1230 1628 occur-10

185 1671 312 1728 rentibus
328 1670 404 1730 silvis
419 1671 464 1728 via
479 1679 630 1744 coartatur,
645 1673 736 1731 modo
749 1672 896 1731 latissimis
911 1671 1000 1748 pratis
1016 1667 1183 1728 diffunditur

186 1779 215 1830 et
236 1769 372 1846 patescit,·
401 1769 482 1827 multi
503 1788 607 1845 greges
629 1771 735 1842 ovium,
757 1770 847 1828 multa
867 1770 906 1828 ibi
927 1786 1071 1846 equorum
1091 1767 1182 1825 boum

186 1878 324 1939 armenta,
354 1885 427 1945 quae
456 1869 603 1926 montibus
631 1869 726 1928 hieme
755 1868 875 1944 depulsa
901 1868 998 1926 herbis
1025 1875 1054 1925 et
1081 1875 1182 1940 tepore

186 1984 276 2024 verno
290 1967 442 2024 nitescunt.
483 1966 560 2024 Villa
578 1966 678 2025 usibus
697 1985 798 2042 capax,
813 1985 874 2025 non
894 1975 1065 2042 sumptuosa
1084 1961 1182 2023 tutela.

187 2064 277 2124 Cuius
302 2065 332 2122 in
356 2065 450 2141 prima
477 2076 557 2141 parte
586 2067 689 2124 atrium
713 2065 788 2142 frugi
813 2083 868 2123 nec
893 2075 992 2124 tamen
1015 2061 1182 2132 sordidum;
1198 2082 1228 2132 15

187 2164 292 2224 deinde
324 2164 451 2240 porticus
479 2164 510 2222 in
537 2163 566 2222 D
593 2164 703 2224 litterae
738 2163 953 2224 similitudinem
981 2163 1182 2231 circumactae,

186 2265 291 2341 quibus
305 2263 431 2339 parvula,
447 2262 499 2322 sed
513 2262 614 2322 festiva
628 2282 693 2322 area
707 2263 868 2336 includitur,
884 2263 1032 2340 egregium
1047 2260 1182 2319 adversus

187 2371 373 2438 tempestates
388 2363 619 2438 receptaculum:
641 2381 709 2421 nam
725 2362 921 2439 specularibus
935 2379 968 2419 ac
982 2359 1074 2418 multo
1089 2357 1183 2434 magis

187 2460 405 2518 imminentibus
426 2460 508 2518 tectis
530 2462 704 2520 muniuntur.
746 2460 800 2518 Est
825 2469 926 2518 contra
945 2458 1058 2518 medias
1083 2473 1185 2516 cavae·

188 2557 268 2617 dium
282 2557 379 2630 hilare,
393 2575 464 2615 mox
478 2557 630 2616 triclinium
647 2560 715 2618 satis
730 2557 892 2635 pulchrum,
907 2555 988 2634 quod
1002 2558 1032 2615 in
1051 2554 1117 2614 litus
1136 2571 1184 2612 ex·
1202 2571 1233 2606 20

188 2656 283 2726 currit,
297 2674 331 2715 ac
353 2655 497 2732 siquando
518 2656 608 2716 africo
625 2676 705 2716 mare
724 2657 872 2733 inpulsum
892 2666 944 2726 est,
959 2654 1057 2714 fractis
1077 2653 1136 2711 iam
1157 2660 1186 2710 et

188 2754 352 2814 novissimis
380 2755 515 2814 fluctibus
542 2755 639 2814 leviter
667 2756 799 2815 adluitur.
852 2755 990 2832 Undique
1013 2753 1109 2811 valvas
1136 2760 1186 2809 aut
1248 2751 1252 2758 '

188 2853 326 2913 fenestras
345 2870 405 2910 non
426 2853 554 2912 minores
575 2854 662 2913 valvis
681 2855 777 2925 habet,
799 2863 885 2931 atque
905 2854 946 2911 ita
966 2871 984 2911 a
1004 2851 1146 2920 lateribus,
1169 2867 1187 2908 a

188 2953 283 3014 fronte
312 2947 393 3027 quasi
426 2952 479 3010 tria
508 2954 599 3012 maria
633 2962 818 3030 prospectat3
854 2972 871 3010 a
898 2963 981 3028 tergo
1010 2949 1186 3019 cavaedium,

1310 2499 1314 2584 r

189 3052 341 3131 porticum,
368 3069 474 3121 aream,
502 3052 647 3128 porticum
674 3055 780 3124 rursus,
809 3069 879 3110 mox
907 3051 1017 3120 atrium,
1048 3049 1131 3108 silvas
1159 3056 1187 3106 et
1204 3067 1234 3116 ²5
1313 3053 1314 3112 s

188 3151 365 3229 longinquos
380 3150 495 3226 respicit
509 3161 632 3208 montes.
647 3150 771 3212 nHuius
792 3169 810 3209 a
831 3150 911 3208 laeva
931 3147 1078 3206 retractius
1098 3145 1186 3224 paulo

189 3249 354 3311 cubiculum
384 3257 429 3308 est
457 3248 593 3324 amplum,
623 3248 728 3307 deinde
757 3249 832 3307 aliud
860 3248 964 3318 minus,
994 3245 1075 3321 quod
1099 3244 1187 3304 altera

190 3349 315 3412 fenestra
334 3347 457 3407 admittit
474 3347 625 3417 orientem,
642 3347 826 3405 occidentem
844 3346 932 3403 altera
952 3343 1064 3416 retinet,
1082 3341 1137 3402 hac
1157 3352 1187 3402 et

189 3448 343 3508 subiacens
357 3464 436 3506 mare
450 3445 566 3521 longius
581 3444 708 3520 quidem,
719 3444 771 3504 sed
785 3443 912 3505 securius
926 3443 1059 3500 intuetur.
1088 3439 1187 3502 Huius

188 3545 312 3604 cubiculi
338 3539 368 3604 et
395 3544 507 3604 triclinii
533 3543 608 3602 illius
639 3544 755 3615 obiectu
788 3539 940 3604 includitur
974 3539 1105 3615 angulus,
1136 3539 1186 3617 qui
1201 3555 1233 3606 30
1313 3543 1314 3564 ¹

1057 3635 1067 3663 l.
