2646 3914
172 115 214 199 58
442 127 464 175 a
490 129 687 176 eucnemon
707 129 810 177 anon
832 126 900 174 run

172 287 257 346 dicax
281 296 309 346 et
336 287 464 346 urbanus
493 295 522 346 et
543 286 636 348 bellus
661 290 722 346 est?
765 287 895 346 Tantum
920 287 1051 347 licentiae
1075 287 1170 364 pravis
1181 309 1213 345 10

170 386 298 461 ingeniis
326 385 413 444 adicit
441 384 487 444 illa
515 386 628 456 fiducia,
657 386 743 463 ‘quis
771 387 849 444 enim
878 387 980 446 scieti’
1033 387 1171 464 Poposcit

173 484 317 557 tabellam,
343 486 441 546 stilum
465 484 585 561 accepit,
611 484 726 543 demisit
754 494 849 561 capnt,
874 486 1023 544 neminem
1049 497 1172 558 veretur,

173 599 206 642 se
229 585 397 643 contemnit.
439 583 512 641 Inde
535 583 589 641 ista
611 583 734 641 ludibria
757 600 863 642 scaena
885 594 915 642 et
936 585 1048 661 pulpito
1073 586 1171 662 digna.

173 680 244 752 Quo
271 691 299 740 te
326 683 439 740 vertas?
479 679 565 752 Quae
590 680 718 739 remedia
745 681 920 757 conquiras?
962 681 1080 758 Ubique
1104 684 1173 742 vitia

173 779 308 838 remediis
335 780 461 840 fortiora
520 777 603 834 Ἀλλὰ
617 784 697 835 ταῦτα
723 783 759 856 τῷ
787 781 852 853 ὑπὲρ
879 781 944 852 ἡμᾶς
977 781 1094 854 μελήσει,
1125 783 1173 840 cui
1185 803 1213 852 15

173 876 294 937 multum
331 880 436 939 cotidie
471 881 639 956 vigiliarum,
675 876 799 934 multum
834 877 941 936 laboris
976 879 1064 939 adicit
1098 880 1172 938 baec

174 985 273 1036 nostra
287 977 364 1036 iners
379 988 408 1036 et
422 987 521 1038 tamen
535 977 675 1036 effrenata
690 975 853 1053 petulantia.
896 976 977 1036 Vale.

520 1245 573 1298 44.
618 1238 750 1316 (BOOK
772 1253 799 1313 5.
824 1235 861 1316 ι.)

206 1370 279 1433 Pliny
285 1370 395 1435 explains
407 1369 463 1436 why
472 1372 514 1421 the
525 1372 612 1436 legacy
619 1371 670 1436 just
681 1370 725 1422 lest
736 1372 788 1420 him
800 1372 833 1435 by
842 1370 963 1421 Curianus
973 1369 1023 1420 had
1034 1370 1106 1435 given
1117 1371 1171 1419 him

172 1468 201 1501 so
219 1453 293 1501 much
310 1453 437 1517 pleasure;
459 1455 563 1518 namely‚
581 1456 685 1504 because
703 1455 722 1503 it
741 1471 792 1504 was
812 1471 827 1503 a
846 1469 1002 1518 recompense
1020 1454 1116 1520 tobim
1133 1453 1172 1502 sor

173 1535 265 1600 having
277 1535 391 1600 formerly
400 1538 471 1586 acted
480 1538 540 1587 with
552 1538 635 1603 equity
643 1537 692 1586 and
701 1537 839 1601 generosity
846 1537 954 1585 towards
962 1536 1089 1594 Curianus,
1099 1535 1171 1584 when

174 1619 215 1668 the
232 1619 305 1669 latter
315 1621 364 1668 had
382 1621 443 1670 been
458 1620 617 1671 disinherited
634 1621 667 1684 by
678 1619 716 1668 his
733 1620 830 1669 mother
846 1619 983 1684 Pomponia
1000 1618 1025 1667 in
1041 1619 1128 1667 favour
1146 1617 1175 1664 of

174 1701 252 1766 Pliny,
264 1703 366 1753 Sevenrs
376 1704 426 1752 and
438 1705 528 1754 others.

418 1841 442 1882 C.
463 1841 574 1882 PLINIUS
596 1841 684 1881 ANNIO
705 1839 814 1880 SEVERO
836 1839 890 1880 SUO
911 1838 933 1880 S.

216 1952 359 2029 Legatum
379 1953 449 2012 mibi
470 1954 588 2012 obvenit
609 1954 766 2025 modicum,
781 1950 834 2012 sed
855 1953 1033 2030 amplissimo
1053 1955 1169 2031 gratius.

175 2050 235 2111 Cur
256 2053 435 2128 amplissimo
456 2054 582 2130 gratius?
624 2053 791 2131 Pomponia
812 2052 896 2112 Galla
917 2053 1093 2112 exheredato
1111 2054 1170 2112 filio

174 2151 287 2210 Asudio
310 2150 438 2210 Curiano
462 2153 599 2211 heredem
621 2152 774 2229 reliquerat
794 2172 851 2224 me,
873 2154 991 2212 dederat
1012 2152 1171 2212 coheredes

176 2248 333 2308 Sertorium
355 2249 502 2322 Severum,
523 2253 700 2327 praetorium
724 2252 824 2323 virum,
849 2252 978 2328 aliosque
1001 2251 1170 2329 splendidos

176 2349 285 2424 equites
310 2348 471 2408 Romanos.
514 2348 657 2409 Curianus
682 2352 784 2409 orabat
807 2361 839 2408 ut
862 2351 916 2409 sibi
940 2352 1080 2410 donarem
1103 2367 1195 2425 por-5

175 2446 286 2526 tionem
313 2464 409 2505 meam
438 2465 527 2524 seque
550 2449 727 2523 praeiudicio
756 2450 899 2522 iuvarem;
936 2449 1059 2508 eandem
1084 2449 1172 2506 tacita

176 2547 368 2605 conventione
390 2547 498 2605 salvam
519 2547 588 2603 mihi
611 2548 808 2623 pollicebatur.
859 2547 1089 2625 Respondebam
1110 2564 1172 2604 non

177 2645 333 2702 convenire
357 2646 486 2704 moribus
508 2645 581 2703 meis
605 2646 683 2704 aliud
707 2646 813 2721 palam,
836 2647 914 2705 aliud
938 2665 1024 2722 agere
1050 2655 1171 2715 secreto,

176 2755 324 2822 praeterea
345 2763 407 2804 non
431 2763 494 2804 esse
520 2745 588 2804 satis
610 2744 765 2803 honestum
789 2745 898 2803 donare
923 2755 952 2803 et
980 2744 1115 2820 locupleti
1144 2753 1173 2801 et

176 2846 258 2915 orbo,
280 2844 310 2901 in
333 2862 447 2902 summa
467 2863 528 2903 non
551 2843 730 2921 profuturum
751 2846 787 2915 ei,
808 2845 833 2902 si
854 2844 1019 2915 donassem,
1041 2842 1173 2920 profutu-
1184 2869 1216 2904 10

176 2964 250 3015 rum,
287 2943 311 3001 si
340 2944 500 3016 cessissem,
529 2963 593 3004 esse
627 2954 724 3003 autem
760 2963 808 3003 me
839 2954 971 3020 paratum
1007 2943 1119 3016 cedere,
1148 2945 1172 3003 si

176 3046 274 3122 inique
309 3041 515 3101 exheredatum
547 3043 618 3102 mihi
652 3044 779 3119 liqueret.
820 3043 869 3102 Ad
903 3045 961 3103 hoc
996 3043 1044 3102 ille
1079 3049 1172 3119 ‘rogo

176 3139 358 3220 cognoscas!
401 3141 560 3200 Cunctatus
583 3142 703 3219 paulum
730 3142 860 3202 ‘faciam'
885 3143 1025 3220 inquam:
1060 3146 1173 3218 ‘neque

177 3246 256 3303 enim
270 3241 355 3302 video
371 3261 421 3300 cur
440 3242 502 3318 ipse
525 3259 572 3299 me
594 3243 737 3300 minorem
758 3250 866 3318 putem,
881 3258 970 3319 quam
991 3243 1042 3300 tibi
1063 3243 1173 3301 videor.

179 3343 238 3401 Sed
262 3344 321 3400 iam
343 3359 421 3399 nunc
442 3351 591 3399 memento
612 3360 673 3399 non
694 3340 856 3400 defuturam
877 3340 948 3398 mihi
969 3342 1173 3412 constantiam,
1184 3358 1214 3409 15

176 3441 203 3498 si
224 3441 262 3499 ita
284 3442 355 3501 fides
378 3439 497 3512 duxerit,
520 3440 680 3498 secundum
704 3450 827 3498 matrem
849 3446 929 3495 tuam
948 3439 1173 3515 pronuntiandi!

178 3537 236 3597 ‘Ut
249 3539 346 3598 voles’
366 3541 425 3600 ait:
458 3539 555 3599 ‘voles
576 3539 654 3597 enirn
675 3540 757 3614 quod
777 3535 1002 3614 aequissimum!
1044 3537 1174 3596 Adhibui
