2662 3914
172 138 234 199 104
442 136 464 184 A
490 112 687 188 suracrro'u
705 139 809 186 raom
830 139 901 186 rna

168 310 307 368 magnam
341 293 439 366 fidem,
469 283 550 356 acres
585 295 695 369 oeulos,
720 314 894 355 numerosas
928 309 1032 354 manus
1066 293 1172 370 poscit¹

168 389 388 467 Experiendum
423 403 521 452 tamen
550 404 579 453 et
606 396 689 473 quasi
717 396 748 452 in
775 397 864 454 veteri
893 396 998 453 morbo
1027 392 1173 469 quaelibet

168 491 335 550 mutationis
349 493 455 551 auxilia
469 495 640 570 temptanda
654 503 729 562 suut.
766 493 857 552 Vides
869 511 957 570 quam
972 510 1034 550 non
1049 490 1172 549 delicata
1322 473 1323 530 l

168 606 216 645 me
232 608 319 648 causa
333 590 413 649 obire
428 593 554 667 primum
566 592 733 650 consulatus
743 593 783 650 tui
799 593 877 650 diem
892 609 953 650 non
968 591 1060 663 sinat3
1084 607 1172 666 quem

168 697 266 745 tamen
294 688 340 748 hic
369 708 487 766 quoque
514 701 545 749 ut
573 709 713 768 praesens
740 690 815 749 votis
843 689 951 765 gaudio
980 687 1172 765 gratulatione
1188 709 1221 743 20

169 785 332 882 celebrabo.
373 786 455 848 Vale.

493 1004 545 1058 84.
587 995 717 1076 (BOOK
740 1016 767 1071 9.
790 992 850 1074 39.)

186 1132 259 1197 Pliny
269 1133 338 1197 gives
349 1133 388 1182 his
399 1135 516 1184 architect
528 1152 543 1184 a
555 1135 712 1185 commission
722 1141 750 1184 to
763 1135 858 1185 rebuild
870 1152 885 1184 a
896 1135 989 1201 temple
1001 1135 1031 1183 of
1039 1135 1112 1184 Ceres
1123 1150 1157 1182 on

350 1233 397 1268 one
408 1218 438 1267 of
444 1218 483 1266 his
494 1226 591 1278 estates,
602 1219 652 1268 and
663 1226 690 1269 to
702 1220 751 1268 add
762 1219 885 1283 porticoes
896 1234 956 1268 near
965 1219 993 1269 it.

464 1365 488 1406 C·
511 1365 623 1407 PLINIUS
644 1365 752 1407 MUSTIO
773 1366 827 1407 SUO
848 1366 871 1406 S.

212 1484 411 1562 Haruspicum
432 1487 545 1546 monitu
566 1488 722 1548 reficienda
743 1497 786 1548 est
807 1488 878 1547 mihi
898 1489 987 1548 aedes
1007 1486 1121 1547 Cereris
1141 1487 1173 1544 in

170 1585 295 1660 praediis
315 1585 345 1641 in
365 1585 468 1643 melius
490 1595 518 1644 et
539 1586 569 1644 in
590 1588 691 1658 maius,
712 1596 793 1645 vetus
814 1605 884 1645 sane
906 1596 935 1644 et
957 1596 1172 1662 augustaeum

170 1682 206 1740 sit
230 1683 337 1760 alioqui
362 1694 436 1742 stato
466 1685 512 1744 die
536 1685 776 1762 frequentissima.
818 1685 896 1743 Nam
922 1685 1017 1744 idibus
1039 1684 1173 1760 Septem·

169 1781 268 1840 bribus
297 1801 422 1858 magnus
450 1802 466 1841 e
494 1785 613 1860 regione
645 1794 706 1844 tota
739 1785 798 1842 coit
825 1784 961 1859 populus,
990 1784 1097 1842 multae
1125 1800 1172 1840 res

95 1955 99 1966 ·
170 1890 301 1956 aguntur,
330 1883 420 1941 multa
447 1893 515 1942 vota
543 1883 744 1958 suscipiuntur,
774 1882 865 1941 multa
892 1882 1059 1942 redduntur.
1111 1880 1201 1940 Sed5

169 1980 282 2038 nullum
299 1982 329 2037 in
349 1982 484 2056 proximo
502 1981 661 2058 suffugium
683 1992 732 2040 aut
748 1982 849 2040 imbris
871 1991 921 2040 aut
942 1982 1018 2040 solis,
1061 1980 1173 2039 Videor

170 2097 241 2154 ergo
265 2078 400 2136 munifice
424 2080 509 2137 simul
529 2080 720 2156 religioseque
745 2080 882 2151 facturus,
906 2081 930 2138 si
955 2080 1059 2138 aedem
1082 2097 1172 2156 quam

169 2178 393 2253 pulcherrimam
420 2189 582 2248 extruxero,
607 2178 747 2238 addidero
775 2181 904 2255 porticus
928 2179 1002 2251 aedi,
1027 2178 1104 2236 illam
1133 2179 1172 2236 ad

168 2295 255 2335 usum
280 2277 359 2348 deae,
383 2278 435 2335 has
458 2277 495 2336 ad
517 2277 678 2336 hominurn.
720 2276 817 2336 Velim
839 2295 909 2352 ergo
931 2295 1012 2336 emas
1037 2286 1172 2353 quattuor

169 2349 348 2434 marmoieas
384 2376 543 2447 columnas
573 2371 666 2436 cuius¹
681 2377 733 2436 tibi
760 2376 901 2435 videbitur
934 2376 1059 2452 generis,
1088 2393 1171 2433 emas
1188 2396 1219 2430 10

169 2491 324 2544 marmora,
348 2475 453 2550 quibus
478 2474 582 2546 solum,
606 2474 711 2551 quibus
733 2475 857 2551 parietes
881 2474 1070 2534 excolantur
1109 2474 1172 2532 Erit

169 2573 256 2630 etiam
269 2573 315 2631 vel
329 2572 495 2633 faciendum
514 2573 559 2632 vel
579 2574 735 2632 emendum
756 2575 846 2649 ipsius
868 2573 944 2632 deae
962 2573 1086 2649 signum,
1103 2572 1172 2648 quia

170 2671 322 2746 antiquum
350 2672 459 2730 illude
487 2672 569 2748 ligno
594 2673 771 2750 quibusdam
801 2673 844 2730 sui
873 2672 1003 2748 partibus
1031 2679 1171 2729 vetustate

169 2779 335 2827 truncatum
349 2780 401 2829 est.
444 2771 594 2843 Quantum
610 2771 648 2830 ad
667 2771 806 2846 porticus,
822 2770 891 2828 nihil
909 2770 1025 2830 iuterim
1038 2769 1170 2840 occurrit,

171 2867 251 2944 quod
266 2868 394 2926 videatur
408 2871 492 2928 istinc
507 2888 572 2928 esse
587 2870 796 2946 repetendum;
819 2871 875 2928 nisi
889 2880 988 2930 tamen
1001 2879 1032 2927 ut
1046 2869 1171 2927 sormam
1188 2887 1217 2936 15

171 2966 332 3026 secundum
367 2967 511 3026 rationem
544 2969 601 3026 loci
635 2970 754 3028 scribas
809 2968 914 3044 Neque
943 2969 1021 3027 enim
1048 2977 1173 3044 possunt

171 3065 341 3124 circumdari
369 3065 497 3141 templo:
538 3086 608 3125 narn
637 3068 732 3126 solum
765 3068 866 3143 templi
901 3067 969 3126 hinc
997 3066 1116 3124 flumine
1145 3076 1173 3124 et

171 3165 382 3241 abruptissimis
403 3165 479 3240 ripis,
501 3167 570 3225 hine
592 3167 638 3225 via
658 3167 790 3242 cingitur.
835 3166 886 3226 Est
907 3167 982 3225 ultra
996 3167 1072 3224 viam
1096 3165 1174 3226 latis-

172 3264 277 3322 simum
305 3273 429 3340 pratum,
453 3266 566 3341 inquo
592 3266 658 3324 satis
687 3275 753 3340 apte
782 3276 884 3324 contra
906 3265 1048 3342 templum
1076 3266 1174 3341 ipsum

172 3366 300 3439 porticus
324 3366 560 3441 explicabuntur3
591 3366 646 3424 nisi
671 3367 741 3443 quid
764 3377 796 3425 tu
819 3368 922 3425 melius
946 3367 1099 3437 inveneris,
1123 3367 1174 3442 qui
1190 3383 1220 3418 20

171 3462 247 3522 soles
261 3463 393 3524 locorum
408 3465 589 3524 difficultates
604 3475 664 3524 arte
680 3484 828 3542 superare.
871 3465 954 3524 Vale.
