2646 3914
181 173 219 253 18
328 233 329 238 ,
449 186 472 234 A
496 183 692 236 sarnorron
711 183 816 234 rnorr
838 182 905 232 rna

179 346 358 405 transmittat.
409 343 511 420 Nuper
535 363 582 402 me
611 361 779 422 paucosque
803 361 929 415 mecum,
952 359 1026 420 quos
1051 338 1175 399 maxime
1190 355 1220 405 30

181 445 279 521 diligit,
305 444 455 502 advocavit
482 443 652 521 rogavitque
677 455 709 502 ut
736 443 867 501 medicos
895 442 1112 501 consuleremus
1137 436 1177 506 ¹de

180 561 295 603 summa
314 541 491 613 valetudinis,
514 533 553 613 ut,
575 541 599 599 si
621 552 696 600 esset
719 541 930 617 insuperabilis,
955 548 1060 616 sponte
1087 536 1177 595 exiret

181 643 282 714 evita,
308 643 332 700 si
354 650 466 700 tantum
488 631 609 699 difficilis
634 649 662 700 et
685 643 784 717 longa,
808 641 950 699 resisteret
973 645 1176 712 maneretque:

182 740 311 799 dandum
346 740 424 798 enim
459 741 593 816 precibus
628 739 735 810 uxone,
771 738 901 797 dandum
936 737 1010 796 filiae
1044 735 1177 805 lacrimis,

182 835 311 893 dandum
339 835 426 892 etiam
460 833 545 892 nobis
580 833 680 892 amicis
715 853 752 891 ne
789 851 856 910 spes
885 842 1006 903 nostraS,
1035 831 1059 890 si
1087 828 1178 888 modo
1193 849 1223 898 35

181 951 241 992 non
268 943 365 993 essent
391 934 499 1004 inanes,
528 931 689 991 voluntaria
723 941 817 990 morte
852 930 1003 990 desereret.
1059 929 1096 987 Id
1122 945 1179 1004 ego

182 1031 305 1093 arduum
325 1032 355 1089 in
376 1030 477 1107 primis
497 1039 525 1088 et
545 1031 701 1107 praecipua
721 1030 805 1090 laude
827 1029 949 1106 dignum
970 1037 1050 1104 puto.
1101 1024 1180 1085 Nam

182 1130 294 1208 impetu
316 1131 445 1206 quodam
470 1138 498 1188 et
520 1130 657 1188 instinctu
686 1147 854 1205 procurrere
882 1128 920 1186 ad
947 1135 1072 1185 mortem
1099 1142 1180 1184 com·
1227 1111 1229 1118 '

183 1246 272 1286 mune
293 1246 360 1286 cum
379 1227 484 1299 multis,
500 1227 656 1286 deliberare
671 1247 738 1287 vero
757 1236 786 1285 et
806 1245 908 1286 causas
925 1226 986 1284 eius
1006 1223 1179 1300 expendere,

182 1336 272 1403 utque
293 1327 415 1385 suaserit
433 1327 514 1398 ratio,
529 1327 603 1385 vitae
624 1327 784 1402 mortisque
806 1325 959 1383 consilium
972 1323 1017 1380 vel
1036 1323 1181 1398 suscipere
1195 1341 1227 1389 4⁰

184 1425 229 1484 vel
249 1443 358 1501 ponere
375 1425 499 1502 ingentis
519 1433 563 1484 est
583 1425 680 1485 animi.
731 1423 769 1482 Et
790 1423 897 1482 medici
916 1421 1035 1499 quidem
1054 1420 1183 1480 secunda

185 1524 271 1582 nobis
295 1524 482 1600 pollicentur:
512 1534 642 1600 superest
667 1532 698 1582 ut
718 1523 870 1600 promissis
894 1521 966 1580 deus
989 1521 1098 1578 adnuat
1119 1528 1184 1577 tan·

185 1622 311 1699 demque
332 1641 380 1680 me
401 1622 455 1703 hac
477 1622 668 1681 sollicitudine
692 1622 821 1682 exsolvat
832 1641 840 1693 ;
870 1639 929 1696 qua
951 1620 1086 1679 liberatus
1108 1618 1184 1676 Lau·

184 1721 330 1780 rentinum
346 1739 454 1793 meum,
469 1721 526 1780 hoc
545 1731 589 1780 est
610 1721 722 1780 libellos
744 1731 772 1779 et
793 1719 947 1795 pugillares
964 1717 1184 1793 studiosumque

186 1819 286 1889 otium,
314 1830 452 1896 repetam.
506 1818 592 1877 Nunc
621 1820 700 1878 enim
732 1817 802 1876 nihil
829 1817 934 1893 legere,
964 1816 1034 1874 nihil
1062 1816 1230 1881 scribere-45

187 1928 236 1976 aut
259 1917 402 1976 adsidenti
423 1926 506 1975 vacat
529 1927 578 1976 aut
602 1917 690 1976 anxio
715 1917 793 1976 libet.
837 1915 940 1974 Habes
965 1916 1036 1992 quid
1057 1916 1185 1986 timeam,

186 2015 258 2092 ¹quid
286 2025 393 2093 optem,
423 2016 492 2092 quid
517 2017 603 2075 etiam
628 2017 659 2074 in
686 2029 836 2093 posterum
862 2015 1021 2074 destinem:
1057 2025 1088 2073 tu
1116 2014 1187 2091 quid

187 2115 287 2190 egeris
316 2114 387 2190 quid
418 2133 497 2192 agas,
526 2115 597 2191 quid
628 2116 698 2174 velis
733 2134 829 2192 agere,
858 2115 982 2172 invicem
1011 2114 1105 2184 nobis,
1135 2113 1187 2172 sed

126 2211 133 2222 “
187 2212 354 2272 laetioribus
367 2213 496 2288 epistulis
510 2214 610 2272 scribe.
653 2214 716 2272 Erit
733 2213 900 2272 confusioni
915 2231 998 2272 meae
1015 2230 1077 2270 non
1095 2211 1188 2271 medi·

189 2329 257 2370 ocre
272 2313 420 2385 solacium,
435 2313 459 2371 si
473 2322 504 2370 tu
517 2311 587 2370 nihil
602 2314 738 2389 quereris.
779 2313 862 2371 Vale.
1204 2321 1237 2372 50
1308 2303 1309 2336 ³

511 2485 560 2538 15.
602 2477 731 2556 (BOOK
756 2499 780 2538 1.
805 2479 865 2559 23.)

223 2591 295 2655 Pliny
306 2592 361 2640 tells
373 2592 450 2640 Falco
464 2593 519 2641 that
534 2593 566 2642 he
579 2593 622 2642 did
636 2598 680 2642 not
696 2593 767 2643 think
779 2595 798 2644 it
811 2595 917 2644 suitable
928 2593 953 2644 in
968 2594 1007 2643 his
1023 2609 1079 2644 own
1092 2609 1146 2643 case
1162 2599 1190 2642 to

190 2674 264 2738 plead
284 2681 310 2722 at
327 2674 369 2722 the
388 2675 440 2733 bar,
461 2675 532 2724 when
550 2675 582 2724 he
598 2691 649 2725 was
670 2677 781 2733 tribune3
805 2678 850 2726 but
870 2679 947 2726 Falco
967 2693 1025 2740 may
1045 2677 1191 2740 reasonably

192 2757 312 2806 entertain
333 2773 349 2804 a
366 2756 476 2806 different
492 2759 554 2806 view
571 2758 600 2806 ol
619 2759 661 2808 the
683 2759 838 2824 importante
859 2761 909 2809 and
931 2759 1082 2823 obligations
1100 2759 1129 2808 of
1148 2759 1191 2808 the

192 2839 271 2889 office.

407 2925 432 2966 c.
453 2926 566 2966 runuus
585 2927 709 2968 rourum
731 2924 856 2968 rmcoru
875 2927 929 2968 suo
950 2928 972 2969 s.

235 3021 381 3094 Consulis,
409 3043 447 3082 an
474 3025 638 3083 existimem
666 3035 694 3083 te
727 3025 757 3082 in
791 3024 933 3083 tribunatu
965 3043 1068 3084 causas
1103 3043 1192 3101 agere

194 3125 317 3183 deberes
364 3123 521 3182 Plurimum
554 3124 647 3197 refert,
683 3124 752 3201 quid
787 3144 852 3184 esse
886 3126 1062 3184 tribunatum
1097 3135 1193 3202 puteS,

193 3222 311 3281 inanem
339 3223 473 3281 umbram
505 3232 534 3280 et
564 3224 626 3282 sine
659 3223 771 3294 honore
798 3242 917 3295 nomen,
946 3243 984 3283 an
1017 3232 1193 3301 potestatem

196 3331 410 3380 sacrosanctam
431 3332 459 3379 et
483 3339 572 3396 quam
597 3321 626 3378 in
649 3323 781 3382 ordinem
806 3324 872 3399 cogi
897 3331 928 3381 ut
950 3342 967 3380 a
991 3324 1071 3381 nullo
1094 3323 1133 3380 ita
1154 3321 1193 3379 ne

197 3433 267 3474 ase
287 3417 406 3491 quidem
428 3415 536 3474 deceat.
579 3416 648 3492 Ipse
670 3435 737 3475 cum
762 3418 893 3476 tribunus
913 3435 1018 3489 essem,
1041 3417 1225 3496 erraverim5

197 3507 325 3581 fortasse,
341 3511 390 3586 qui
407 3529 454 3568 me
474 3510 581 3586 aliquid
595 3512 700 3587 putavi,
716 3512 768 3571 sed
783 3522 932 3589 tamquam
947 3531 1050 3582 essem,
1066 3511 1194 3569 abstinui

192 3609 292 3673 ¹¹crs-,usis
316 3609 452 3684 agendis:
477 3610 603 3686 primum
628 3612 709 3690 quod
734 3609 862 3671 deforme
885 3611 1048 3681 arbitrabar,
1074 3609 1120 3668 cui
1141 3609 1196 3669 ad-
