2646 3914
194 178 353 228 LETTERS
377 179 421 228 OF
443 181 472 230 0.
490 181 634 230 PLINIUS
657 181 844 230 CAECILIUS
864 181 1054 230 SECUNDUS.
1101 181 1140 249 79

142 338 287 415 utrimque
310 339 461 408 advocatio
486 350 515 398 et
538 359 695 400 numerosa
716 341 859 410 subsellia,
881 350 1030 415 praeterea
1051 339 1146 397 densa

142 437 391 496 circumstantium
415 457 526 497 corona
553 440 724 497 latissimum
749 441 885 497 iudicium
911 439 1059 514 multiplici
1088 439 1142 495 cir-

140 535 210 594 culo
225 537 362 596 ambibat.
404 537 453 595 Ad
477 537 534 596 hoc
557 539 694 614 stipatum
719 538 851 609 tribunal,
875 548 962 613 atque
990 538 1077 596 etiam
1105 555 1141 594 ex

102 635 291 710 15superiore
312 635 445 694 basilicae
467 646 548 712 parte
570 655 628 712 qua
648 634 773 695 feminae
794 655 853 712 qua
874 637 924 693 viri
943 646 972 694 et
997 634 1140 705 audiendi,

141 732 223 808 quod
249 734 371 805 difficile,
397 744 433 806 et,
462 737 542 810 quod
565 735 656 806 facile,
682 736 791 794 visendi
820 735 914 793 studio
942 736 1140 792 imminebant.

142 831 256 907 Magna
283 835 446 907 expectatio
475 844 598 909 patrum,
623 853 732 910 magna
760 835 889 904 filiarum,
917 851 1025 909 magna
1053 833 1140 891 etiam

140 948 340 989 novercarum.
393 931 515 991 Secutus
542 943 587 991 est
614 936 708 993 varius
737 945 864 992 eventus.
918 932 996 989 Nam
1025 930 1140 988 duobus

140 1028 268 1104 consiliis
295 1030 422 1101 vicimus,
450 1031 571 1091 totidem
598 1035 664 1091 victi
693 1053 801 1093 sumus.
851 1032 993 1091 Notabilis
1021 1046 1139 1106 prorsus

98 1143 131 1176 20
140 1138 169 1185 et
192 1129 265 1187 mira
286 1129 389 1186 eadem
411 1129 441 1186 in
464 1148 560 1201 causa,
582 1132 675 1189 isdem
698 1133 846 1203 iudicibus,
869 1133 961 1190 isdem
983 1127 1139 1197 advocatiS,

140 1227 246 1285 eodem
282 1237 411 1303 tempore
439 1238 519 1286 tanta
555 1231 700 1289 diversitas
729 1233 832 1290 accidit
860 1251 938 1303 casu,
965 1247 1028 1287 non
1059 1224 1139 1302 quod

139 1344 224 1384 casus
251 1327 400 1384 videretur.
451 1325 538 1384 Victa
565 1338 609 1386 est
633 1348 766 1401 noverca,
791 1332 856 1406 ipsa
882 1330 966 1388 heres
994 1347 1030 1386 ex
1058 1335 1138 1401 parte

138 1435 229 1495 sexta,
254 1427 345 1483 victus
374 1424 539 1497 Suberinns,
564 1428 613 1502 qui
642 1429 832 1487 exheredatus
857 1448 874 1486 a
894 1438 976 1504 patre
1001 1425 1138 1502 singulari

138 1523 307 1598 inpudentia
342 1524 426 1581 alieni
454 1526 543 1600 patris
578 1527 656 1584 bona
683 1528 854 1598 vindicabat,
883 1546 945 1585 non
972 1544 1059 1584 ausus
1094 1525 1138 1582 sui

97 1633 244 1697 ²5petere.
288 1621 372 1679 Haec
396 1621 447 1678 tibi
472 1625 602 1697 exposui,
626 1625 752 1700 primum
777 1636 809 1683 ut
836 1644 872 1683 ex
901 1625 1023 1700 epistula
1051 1623 1138 1681 scires

137 1739 214 1796 quae
249 1739 286 1779 ex
313 1722 445 1779 oratione
480 1740 541 1780 non
576 1733 709 1799 poteras;
752 1725 857 1783 deinde
893 1722 974 1802 (nam
1003 1723 1138 1796 detegam

137 1819 226 1898 artes)
254 1831 286 1878 ut
314 1820 476 1878 orationem
503 1821 638 1881 libentius
665 1824 785 1900 legeres,
812 1825 836 1882 si
864 1841 925 1881 non
953 1823 1048 1897 legere
1076 1820 1136 1890 tibi,

136 1920 191 1978 sed
211 1921 348 1978 interesse
369 1919 475 1978 iudicio
497 1921 649 1982 videreris:
675 1942 773 2000 quam,
794 1925 830 1982 sit
851 1924 917 1981 licet
936 1939 1051 1996 magna.
1075 1937 1137 1977 non

136 2017 261 2092 despero
283 2018 403 2094 gratiam
423 2019 607 2080 brevissimae
629 2023 854 2098 impetraturam.
898 2019 975 2078 Nam
998 2029 1026 2077 et
1051 2019 1137 2094 copia

93 2133 127 2180 30
137 2134 232 2173 rerum
266 2126 295 2175 et
331 2125 432 2191 arguta
461 2116 601 2177 divisione
637 2130 665 2177 et
700 2120 917 2178 narratiunculis
945 2119 1073 2194 pluribus
1108 2127 1137 2175 et

137 2214 293 2290 eloquendi
316 2215 451 2272 varietate
476 2227 636 2276 renovatur.
688 2217 761 2276 Sunt
785 2220 876 2276 multa
901 2216 974 2296 (non
998 2217 1136 2275 auderem

136 2314 191 2371 nisi
226 2314 276 2370 tibi
311 2310 420 2390 dicere)
454 2313 538 2385 elata,
574 2317 665 2373 multa
698 2319 853 2392 pugnacia‚
889 2317 979 2374 multa
1014 2315 1135 2373 subtilia.

136 2412 292 2470 Intervenit
315 2413 394 2469 enirn
420 2413 533 2470 acribus
558 2414 612 2472 illis
637 2424 665 2472 et
690 2417 793 2474 erectis
817 2415 953 2490 frequens
978 2413 1136 2472 necessitas

136 2511 316 2587 conputandi
351 2530 385 2569 ac
420 2530 515 2588 paene
550 2514 677 2572 calculos
711 2516 898 2592 tabulamque
925 2513 1075 2590 poscendi,
1103 2520 1136 2569 ut

92 2630 124 2679 35
136 2620 255 2686 repente
290 2610 320 2666 in
354 2610 455 2686 privati
486 2611 583 2669 iudicii
611 2613 736 2672 formam
771 2613 975 2672 centumvirale
1002 2621 1134 2669 vertatur.

134 2709 277 2767 Dedimus
305 2707 368 2766 vela
395 2710 595 2785 indignationi,
622 2714 755 2771 dedimus
784 2714 851 2783 irae,
880 2712 1013 2770 dedimus
1042 2710 1136 2769 dolori

135 2818 164 2864 et
184 2808 215 2864 in
234 2808 412 2882 amplissima
434 2827 529 2881 causa,
552 2812 634 2885 quasi
655 2831 765 2887 magno
789 2812 870 2883 mari,
891 2811 1020 2886 pluribus
1041 2810 1133 2868 ventis
1221 2861 1225 2868 .

95 2986 98 2990 ι
133 2923 236 2964 sumus
249 2906 330 2963 vecti.
374 2906 410 2963 In
431 2925 546 2965 summa
565 2909 660 2967 solent
679 2911 797 2985 quidam
820 2929 856 2967 ex
878 2909 1133 2967 contubernalibus

134 3005 238 3063 nostris
264 3005 427 3064 existimare
453 3006 529 3064 hane
551 3010 723 3080 orationem,
749 3010 851 3067 iterum
877 3010 980 3080 dicam,
1004 3018 1035 3065 ut
1060 3008 1133 3063 inter

90 3121 124 3170 40
132 3121 214 3161 meas
236 3105 300 3178 ὑπὲρ
322 3111 507 3178 Κτησιφῶντος
529 3124 610 3165 esse:
640 3126 678 3165 an
697 3127 771 3179 vere,
786 3120 817 3166 tu
836 3108 969 3167 facillime
983 3105 1132 3174 iudicabis,

133 3203 183 3277 qui
216 3213 277 3260 tam
308 3203 475 3260 memoriter
503 3212 585 3262 tenes
615 3223 726 3277 omnes
755 3217 786 3264 ut
815 3207 945 3266 conferre
973 3223 1039 3263 cum
1067 3204 1131 3272 hac,

133 3299 203 3356 dum
224 3299 299 3360 hanc
322 3302 413 3360 solam
435 3302 515 3378 legia
537 3303 641 3377 possis.
682 3303 766 3363 Vale.
