2646 3914
172 170 331 219 LETTERS
354 171 398 218 01¹¹
421 171 450 220 0.
467 169 613 219 PLINIUS
636 171 821 220 CAECILIUS
842 172 1033 221 SECUNDUS.
1070 175 1112 238 49

117 332 176 390 sint
204 333 335 392 versiculi
364 332 468 410 quibus
496 332 618 409 gratiam
632 332 735 391 rettuli.
790 331 980 391 Remitterem
1015 341 1042 389 te
1079 330 1116 388 ad
1187 331 1190 338 '

116 432 217 506 ipsum
230 419 376 503 volumen,
391 432 447 490 nisi
466 433 612 508 quosdam
633 441 778 490 tenerem:
807 440 847 501 tu,
863 431 887 489 si
906 430 1064 507 placuerint
1078 427 1116 500 hi,

118 541 234 588 ceteros
255 531 286 589 in
310 531 383 590 libro
407 533 545 608 requires.
597 530 771 605 Adloquitur
795 529 921 600 Musam,
947 528 1066 587 mandat
1086 537 1118 586 ut

118 629 244 688 domm
257 648 354 689 meam
367 629 503 707 Esquiliis
517 640 644 707 quaerat,
660 629 744 688 adeat
757 637 934 686 reverenter:

284 739 343 806 Sed
363 765 402 806 ne
422 756 554 824 tempore
575 764 636 804 non
657 755 708 804 tuo
729 743 865 804 disertam

285 845 387 906 Pulses
408 846 487 905 ebria
505 847 623 904 ianuam
644 843 759 902 videto:

285 945 381 1005 Totos
403 947 452 1006 dat
473 945 588 1004 tetricae
610 942 672 1002 dies
694 942 851 1014 Minervae,

284 1045 364 1103 Dum
385 1056 502 1105 centurn
523 1045 619 1104 studet
641 1042 757 1101 auribus
777 1044 904 1102 virorum

208 1179 212 1189 ‹
286 1141 354 1202 Hoc
376 1141 456 1221 quod
477 1143 591 1202 saecula
611 1141 776 1219 posterique
796 1142 913 1217 possint
954 1171 956 1180 =

285 1238 403 1316 Arpinis
424 1256 539 1316 quoque
562 1255 731 1314 comparare
752 1236 864 1295 chartis.

288 1335 372 1396 Seras
394 1338 481 1395 tutior
500 1337 555 1395 ibis
576 1337 614 1394 ad
634 1336 782 1395 lucernas:

287 1433 372 1494 Haec
393 1435 466 1494 hora
487 1445 531 1494 est
551 1444 608 1506 tua,
631 1451 698 1493 cum
719 1433 784 1492 furit
803 1434 926 1511 Lyaeus,

287 1533 363 1593 Cum
378 1544 480 1610 regnat
500 1551 573 1606 rosa,
596 1552 663 1592 curn
685 1534 803 1592 madent
824 1532 939 1609 capilli:

288 1631 374 1692 Tunc
395 1651 443 1691 me
463 1632 508 1691 vel
529 1633 612 1708 rigidi
633 1632 731 1706 legant
752 1629 889 1690 Catones.

84 1756 112 1806 ²5
125 1745 271 1806 Meritone
306 1767 373 1807 eum
402 1749 450 1825 qui
485 1749 557 1808 haec
588 1748 623 1807 de
652 1765 700 1806 me
733 1745 845 1824 scripsit
873 1753 901 1804 et
930 1754 998 1804 tunc
1026 1746 1122 1806 dimisi

124 1847 300 1905 amicissime
319 1858 348 1906 et
369 1866 447 1906 nunc
468 1858 500 1906 ut
521 1845 728 1906 amicissimum
749 1843 917 1904 defunctum
936 1864 1000 1904 esse
1016 1847 1140 1905 doleoi'

124 1944 215 2006 Dedit
229 1947 306 2006 enim
321 1945 391 2006 mibi
406 1957 547 2024 quantum
566 1949 726 2006 maximum
743 1947 845 2024 potuit,
860 1943 977 2006 daturus
992 1945 1123 2023 amplius,

125 2046 149 2104 si
165 2033 329 2122 potuisset'
359 2046 490 2106 Tametsi
510 2047 580 2124 quid
598 2045 711 2104 homini
731 2056 828 2122 potest
847 2045 908 2104 dari
928 2046 1021 2104 maius
1035 2063 1124 2122 quam

125 2145 219 2220 gloria
242 2154 271 2204 et
294 2146 356 2204 laus
381 2155 409 2204 et
434 2147 608 2204 aeternitas?
650 2147 690 2203 At
714 2164 775 2204 non
800 2154 884 2203 erunt
908 2153 1025 2202 aeterna
1049 2161 1124 2219 quae

85 2263 116 2312 30
126 2244 256 2320 scripsit:
291 2261 352 2301 non
380 2253 463 2302 erunt
487 2241 617 2315 fortasse,
641 2243 687 2302 ille
715 2242 951 2317 tamen‘scripsit
975 2252 1124 2317 tamquam

126 2352 225 2402 essent
238 2342 340 2402 futura.
382 2342 467 2401 Vale.

462 2592 513 2646 36.
555 2585 684 2668 (BOOK
707 2605 733 2658 4.
758 2582 798 2663 a.)

160 2730 272 2794 Regulus
283 2730 329 2779 has
340 2730 390 2779 lost
401 2731 440 2779 his
452 2747 503 2788 son,
515 2732 563 2780 and
575 2732 646 2795 Pliny
657 2732 778 2782 describes
794 2732 836 2781 the
847 2729 948 2786 funeral,
960 2731 1129 2794 commenling

220 2812 282 2862 with
294 2820 365 2878 great
376 2813 507 2864 bittemess
518 2829 551 2863 on
562 2815 605 2863 the
616 2815 716 2864 satber's
728 2815 854 2864 character
865 2813 914 2863 and
926 2813 1039 2862 conduct.

353 2967 378 3008 C·
400 2965 513 3006 PLINIUS
534 2967 623 3008 ΑΤΤΙΟ
644 2967 791 3008 CLEMENTI
811 2967 864 3008 SUO
885 2967 907 3007 S.

170 3095 301 3173 Regulus
315 3097 405 3156 filium
420 3098 524 3168 amisit,
538 3096 596 3156 hoc
609 3116 669 3156 uno
685 3098 762 3156 malo
777 3099 921 3175 indignus,
933 3096 1014 3174 quod
1027 3095 1127 3154 nescio

129 3213 167 3254 an
189 3195 299 3254 malum
320 3205 410 3271 putet.
452 3194 522 3253 Erat
540 3213 612 3270 puer
632 3196 705 3253 acris
724 3195 841 3272 ingenii,
856 3195 908 3255 sed
925 3194 1062 3271 ambigui,
1078 3193 1128 3269 qui

128 3305 227 3352 tamen
252 3302 449 3369 posset'recta
468 3294 580 3364 sectari,
602 3294 626 3351 si
647 3303 759 3370 patrem
780 3312 842 3352 non
862 3294 986 3353 referret.
1038 3292 1128 3349 Hunc

129 3390 262 3466 Regulus
276 3393 478 3468 emancipavit,
493 3401 525 3450 ut
538 3391 623 3449 heres
638 3392 736 3450 matris
755 3392 904 3463 existeret3
930 3391 1129 3467 mancipatum

105 3489 183 3569 5(ita
196 3490 284 3566 vulgo
300 3511 337 3550 ex
352 3492 483 3550 moribus
497 3490 624 3549 hominis
643 3489 847 3570 loquebantur)
862 3490 948 3550 foeda
967 3498 997 3547 et
1015 3489 1131 3548 insolita

129 3590 298 3669 parentibus
323 3589 518 3667 indulgentiae
537 3590 727 3649 *simulatione
752 3592 895 3666 captabat.
946 3587 1128 3656 Incredibile,

624 3707 643 3748 u
