2646 3914
176 109 195 171 8
422 125 445 174 A
469 125 666 175 saracrron
686 123 790 173 raon
812 122 880 170 vnn

176 283 301 344 Calvisio
333 284 402 357 dixi,
431 290 551 345 ‘vereor
582 303 620 345 ne
654 283 854 360 neglegentius
884 276 995 338 vivam!
1048 274 1173 335 Proinde

176 383 281 442 adhibe
305 383 413 442 solacia
436 383 514 454 mihi,
540 401 603 442 non
627 381 700 443 haec
722 387 830 441 ‘senex
855 389 924 452 erat,
946 378 1076 436 infirmus
1096 371 1172 433 erat’

176 479 261 560 (haec
276 481 354 539 enim
368 477 458 556 novi),
474 481 526 540 sed
539 500 616 540 nova
629 481 734 558 aliqua,
749 481 802 540 sed
816 497 932 556 magna,
944 497 1019 554 quae
1033 472 1174 534 audierim

174 597 342 657 numquam,
360 579 478 657 legerim
498 598 667 656 numquam.
709 579 788 638 Nam
805 596 879 654 quae
896 575 998 647 audivi,
1013 591 1087 651 quae
1107 570 1172 646 legi,
1187 572 1219 623 ⁵5

174 687 280 755 sponte
295 688 473 751 succurrunt,
488 678 541 738 sed
554 688 636 737 tanto
651 678 752 737 dolore
767 685 947 754 superantur.
986 672 1070 732 Vale.

506 916 538 970 8.
579 907 710 988 (BOOK
734 931 759 970 1.
785 907 842 988 13.)

199 1040 273 1104 Pliny
284 1038 421 1103 complains
433 1039 488 1088 that
499 1038 542 1088 the
554 1041 656 1104 activity
667 1042 696 1091 os
704 1040 813 1107 poetical
824 1041 950 1090 literature
961 1038 982 1087 is
993 1036 1021 1085 ill
1033 1033 1144 1101 requited

253 1125 287 1187 by
299 1122 341 1172 the
352 1122 451 1187 general
462 1121 647 1187 unwillingness'
657 1131 684 1173 to
696 1125 781 1173 attend
792 1124 834 1174 the
847 1123 932 1188 public
942 1121 1091 1171 recitations.

358 1255 364 1270 ¹
400 1259 425 1300 C.
446 1259 559 1300 PLINIUS
579 1260 657 1301 SOSIO
678 1260 828 1302 SENECIONI
848 1259 902 1301 SUO
923 1258 945 1298 S.

214 1371 359 1450 Magnum
387 1381 559 1448 proventum
587 1382 740 1449 poetarum
767 1391 862 1432 annus
889 1373 937 1431 hic
964 1369 1074 1430 attulit:
1106 1378 1169 1428 toto

172 1489 275 1532 mense
303 1471 396 1547 Aprili
423 1470 517 1529 nullus
544 1470 604 1530 fere
629 1472 699 1543 dies,
724 1489 783 1550 quo
811 1490 872 1530 non
899 1471 1030 1530 recitaret
1058 1467 1168 1544 aliquis.

173 1569 255 1628 Iuvat
273 1567 416 1645 mequod
430 1569 529 1644 vigent
548 1568 650 1639 studia,
665 1569 816 1646 proferunt
833 1587 864 1627 se
882 1569 1000 1645 ingenia
1017 1567 1170 1625 hominum

173 1680 202 1728 et
226 1677 381 1738 ostentant,
401 1669 516 1726 tametsi
536 1667 574 1726 ad
596 1667 772 1726 audiendum
792 1669 874 1744 pigre
896 1668 996 1728 coitur.
1038 1666 1170 1742 Plerique

171 1769 203 1825 in
223 1767 396 1827 stationibus
418 1767 521 1826 sedent
541 1776 715 1844 tempusque
736 1767 872 1825 audiendi
893 1765 996 1824 fabulis
1017 1773 1198 1827 conterunts

172 1884 207 1925 ac
229 1865 352 1924 subinde
373 1865 427 1923 sibi
448 1865 571 1923 nuntiari
591 1866 699 1937 iubent,
721 1883 760 1924 an
780 1865 839 1923 iam
859 1865 995 1924 recitator
1016 1862 1169 1933 intraverit,

172 1982 211 2022 an
224 1963 328 2022 dixerit
344 1961 562 2039 praefationem,
577 1981 615 2021 an
630 1982 666 2022 ex
680 1981 788 2038 magna
802 1971 882 2040 parte
897 1962 1032 2021 evolverit
1046 1961 1168 2019 librum:
1212 2035 1215 2042 .

171 2071 241 2121 tunc
262 2061 380 2122 demum
404 2079 439 2118 ac
461 2071 529 2119 tunc
550 2078 668 2137 quoque
691 2061 767 2120 lente
789 2069 1013 2138 cunctanterque
1034 2060 1168 2118 veniunt:

171 2179 226 2222 nec
241 2169 340 2220 tamen
356 2168 537 2236 permanent,
553 2159 685 2218 sedante
700 2159 789 2216 finem
807 2159 953 2230 recedunt,
970 2159 1016 2216 alii
1036 2158 1169 2217 dissimu-
1317 2221 1318 2228 ἵ

170 2260 263 2319 lenter
292 2269 321 2318 et
355 2257 459 2327 iurtim,
488 2257 534 2315 alii
570 2257 735 2334 simpliciter
763 2267 792 2316 et
825 2257 921 2317 libere.
976 2258 1017 2318 At
1051 2255 1168 2314 hercule
1184 2273 1216 2310 10
1311 2331 1317 2346 ,

170 2358 312 2416 memoria
346 2368 499 2434 parentum
527 2354 683 2415 Claudium
714 2354 870 2414 Caesarem
904 2355 1007 2426 ferunt,
1037 2372 1105 2413 cum
1138 2353 1169 2412 in

169 2456 277 2531 palatio
296 2455 464 2531 spatiaretur
483 2453 667 2530 audissetque
687 2452 854 2524 clamorem,
869 2472 987 2512 causam
1006 2453 1168 2530 requisisse,

170 2570 295 2629 cumque
317 2553 426 2611 dictum
447 2560 522 2612 esset
545 2552 665 2611 recitare
686 2550 865 2622 Nonianum,
887 2552 1014 2611 subitum
1038 2551 1168 2611 recitanti

169 2651 409 2728 inopinatumque
433 2651 555 2710 venisse.
598 2650 687 2710 Nunc
711 2651 902 2710 otiosissimus
928 2651 1050 2727 quisque
1077 2650 1168 2710 multo

170 2759 237 2808 ante
257 2759 374 2826 rogatus
396 2760 425 2808 et
445 2749 603 2808 identidem
625 2749 792 2808 admonitus
814 2761 863 2808 aut
884 2767 946 2808 non
966 2751 1043 2810 venit
1065 2760 1121 2822 aut,
1144 2750 1168 2810 si
1185 2772 1216 2823 15
1314 2825 1316 2836 .

169 2848 255 2918 venit,
283 2849 409 2924 queritur
435 2866 467 2906 se
495 2847 581 2917 diem,
610 2848 678 2922 quia
710 2865 772 2906 non
804 2848 967 2925 perdiderit,
1000 2849 1167 2926 perdidisse.

170 2945 229 3006 Sed
244 2956 324 3006 tanto
339 2947 432 3023 magis
450 2945 587 3004 laudandi
606 2946 806 3023 probandique
822 2958 888 3007 sunt
902 2966 977 3024 quos
991 2966 1010 3006 a
1023 2948 1168 3007 scribendi

167 3045 364 3121 recitandique
385 3044 480 3104 studio
502 3046 575 3104 haec
594 3045 758 3104 auditorum
776 3046 820 3105 vel
840 3047 951 3108 desidia
967 3048 1012 3106 vel
1033 3049 1169 3124 superbia
1314 2999 1316 3120 l

168 3159 230 3202 non
254 3143 388 3202 retardat.
430 3143 576 3218 Equidem
600 3162 694 3221 prope
718 3145 827 3203 nemini
853 3145 938 3204 defui.
981 3145 1072 3204 Erant
1097 3163 1168 3206 sane

167 3243 297 3320 plerique
310 3241 413 3300 amici:
437 3243 625 3318 nequeenim
642 3252 686 3300 est
705 3242 764 3301 fere
778 3243 932 3321 quisquam
951 3243 1000 3320 qui
1020 3245 1122 3315 studia,
1136 3254 1168 3304 ut
1185 3267 1218 3304 20

168 3357 230 3398 non
258 3339 342 3398 simul
371 3349 399 3398 et
429 3358 485 3399 nos
513 3351 598 3400 amet.
656 3341 711 3401 His
740 3361 776 3401 ex
804 3343 898 3401 causis
926 3343 1049 3420 longius,
1079 3361 1169 3420 quam

168 3438 387 3511 destinaveram,
416 3448 532 3516 tempus
561 3441 592 3499 in
619 3441 691 3500 urbe
719 3442 897 3517 consumpsi.
953 3443 1078 3502 Possum
1108 3442 1168 3500 iam
1312 3391 1315 3550 l

168 3545 297 3615 repetere
316 3555 464 3598 secessum
484 3547 514 3598 et
532 3539 654 3599 scribere
672 3539 780 3616 aliquid
799 3539 879 3618 quod
898 3558 960 3600 non
981 3542 1109 3614 recitem,
1129 3559 1167 3602 ne
