2646 3914
182 167 342 216 LETTERS
365 169 409 216 OF
431 169 459 220 (l.
475 167 622 216 PLINIUS
645 168 832 218 CAECILIUS
854 168 1043 215 SECUNDUS.
1089 153 1131 234 65

130 335 160 383 et
175 327 257 402 quasi
276 327 425 404 inscriptio
445 328 615 400 comoedus,
632 329 663 385 in
684 346 742 404 qua
761 328 916 403 plurimum
934 326 1010 386 facit.
1052 325 1131 385 Nam

130 425 300 500 pronuntiat
319 426 428 496 acriter,
444 428 596 504 sapienter,
612 437 687 502 apte,
707 425 843 484 decenter
864 427 967 500 etiam;
998 426 1085 484 utitur
1102 437 1131 482 et

89 523 240 583 rocithara
253 525 352 600 perite,
367 525 440 583 ultra
458 543 547 601 quam
567 524 711 583 comoedo
731 543 851 583 necesse
874 534 925 584 est.
967 524 1051 583 Idem
1071 535 1131 582 tam

129 622 288 680 commode
316 624 461 682 orationes
488 633 518 682 et
545 622 677 681 historias
706 630 734 679 et
762 623 890 680 carmina
914 624 990 698 legit,
1017 632 1049 680 ut
1073 622 1130 681 hoc

129 720 227 778 solum
251 721 385 780 didicisse
413 722 550 781 videatur.
600 721 685 780 Haec
709 721 760 778 tibi
789 720 889 778 sedulo
914 722 1045 797 exposui,
1071 739 1130 796 quo

129 820 224 893 magis
239 822 327 878 scires
342 839 429 896 quam
443 820 533 879 multa
547 837 623 878 unus
643 820 713 876 mihi
733 829 761 876 et
782 837 871 894 quarn
889 819 1017 876 iucunda
1031 819 1130 877 minis·

129 919 202 974 teria
222 929 386 993 praestaret.
429 919 550 978 Accedit
570 919 660 995 longa
679 919 738 976 iam
761 919 863 976 caritas
884 917 1018 988 1101111111,
1041 936 1130 993 quam

90 1037 119 1087 15
129 1017 195 1091 ipsa
209 1017 336 1092 pericula
350 1027 499 1076 auxerunt.
540 1015 594 1076 Est
608 1019 686 1076 enim
700 1017 739 1074 ita
754 1026 855 1075 natura
875 1025 1084 1092 comparatum,
1098 1027 1130 1072 ut

130 1113 202 1172 nibil
216 1133 308 1192 acque
322 1134 453 1175 amorem
467 1117 565 1175 incitet
583 1127 610 1175 et
631 1116 772 1175 accendat
791 1133 880 1192 quam
895 1113 1011 1172 carendi
1024 1123 1129 1184 metus

131 1231 220 1289 quem
241 1233 298 1291 ego
319 1233 373 1291 pro
394 1215 451 1274 hoc
472 1234 534 1274 non
557 1217 647 1275 semel
672 1216 775 1292 patior.
835 1212 913 1272 Nam
934 1222 1000 1272 ante
1021 1212 1130 1289 aliquot

130 1330 235 1383 annos,
271 1313 342 1371 dum
376 1315 486 1372 intente
521 1315 718 1391 instanterque
752 1315 929 1390 pronuntiat,
958 1313 1129 1387 sanguinem

131 1411 229 1470 reiecit
244 1422 330 1489 atque
349 1414 389 1472 ob
410 1413 512 1472 hocin
527 1415 695 1491 Aegyptum
714 1413 818 1471 missus
837 1431 855 1470 a
869 1431 915 1469 me
930 1421 998 1488 post
1010 1412 1130 1487 longam

91 1530 122 1564 20
131 1510 395 1584 peregrinationem
416 1512 603 1569 confirmatus
622 1511 703 1570 rediit
722 1529 832 1587 nuper;
862 1511 967 1568 deinde
988 1511 1059 1568 drun
1078 1529 1130 1587 per

132 1607 288 1667 continuos
314 1611 374 1668 dies
397 1611 483 1668 nimis
505 1611 626 1686 imperat
647 1611 720 1680 voci,
745 1610 849 1668 veteris
872 1609 1042 1667 infirmitatis
1069 1618 1129 1666 tus-

132 1706 223 1764 sicula
242 1706 407 1766 admonitus
422 1726 521 1766 rursus
540 1709 712 1783 sanguinem
731 1707 862 1766 reddidit.
904 1707 972 1778 Qua
991 1723 1027 1764 ex
1041 1722 1130 1763 causa

133 1805 273 1864 destinavi
308 1825 375 1866 eum
410 1807 522 1865 mittere
556 1807 586 1864 in
621 1805 738 1882 praedia
773 1816 830 1880 tua,
859 1823 933 1881 quae
967 1804 1046 1862 Foro
1074 1802 1129 1860 Iuli

132 1905 274 1979 possides.
317 1904 422 1964 Audivi
437 1906 515 1963 enim
529 1914 557 1963 te
577 1924 665 1982 saepe
684 1905 856 1964 referentem
874 1923 937 1962 esse
954 1904 994 1961 ibi
1014 1912 1043 1961 et
1064 1908 1130 1960 aera

91 2017 120 2066 ²5
131 2001 276 2061 salubrem
291 2013 320 2061 et
333 2004 378 2061 lac
393 2005 453 2062 eius
468 2004 548 2062 modi
568 2005 764 2063 curationibus
783 2002 1127 2062 accommodatissimum.

132 2100 221 2176 Rogo
237 2120 307 2177 ergo
322 2102 431 2160 scribas
450 2103 506 2160 tuis
525 2113 557 2160 ut
577 2103 616 2160 1111
629 2103 703 2175 villa,
717 2112 749 2161 ut
764 2104 869 2161 domus
886 2111 991 2178 pateat,
1006 2100 1130 2158 offerant

132 2201 220 2258 etiarn
249 2200 412 2275 sumptibus
440 2201 510 2268 eius,
537 2200 631 2277 siquid
654 2219 729 2277 opus
754 2201 823 2273 erit;
855 2201 907 2258 erit
932 2209 1029 2257 autem
1053 2199 1141 2273 opus*

130 2298 258 2356 modico,
301 2297 355 2356 Est
373 2299 451 2355 enirn
470 2307 530 2356 tam
549 2317 652 2374 parcus
674 2309 702 2358 et
723 2300 885 2368 continens
900 2309 932 2355 ut
951 2315 1012 2354 non
1034 2296 1128 2354 solum

132 2396 248 2454 delicias
267 2397 472 2455 verumetiam
494 2397 679 2455 necessitates
697 2397 867 2456 valetudinis
888 2396 1048 2470 frugalitate
1068 2411 1128 2451 res·

90 2513 121 2560 30
131 2495 246 2571 tringat.
298 2495 364 2571 Ego
392 2496 587 2572 proficiscenti
614 2505 726 2554 tantum
753 2495 846 2554 viatici
874 2494 960 2565 dabo,
988 2503 1128 2570 quantum

131 2593 252 2652 sufficiat
265 2595 344 2654 eunti
358 2596 389 2653 in
403 2605 459 2652 tua.
502 2594 583 2652 Vale.

451 2828 499 2880 51.
542 2820 671 2902 (BOOK
693 2836 720 2895 5.
744 2820 803 2900 11.)

165 2949 237 3013 Pliny
247 2950 268 2999 is
279 2949 338 3014 glad
350 2957 377 2998 to
388 2950 448 2998 hear
460 2951 514 3000 that
526 2950 671 3000 Saturninus
683 2951 703 2999 is
715 2951 817 3016 waiting
833 2951 922 3000 sorbis
934 2950 1022 3000 arrival
1034 2957 1061 2999 to
1072 2949 1128 3014 give

131 3050 147 3082 a
155 3032 291 3091 recitation,
301 3033 346 3081 but
358 3034 379 3080 is
388 3033 518 3081 distressed
529 3033 563 3095 by
571 3034 609 3082 his
623 3040 705 3098 report
714 3034 744 3082 of
752 3034 794 3082 the
803 3033 942 3098 dangerous
953 3033 1036 3082 illness
1045 3031 1075 3082 01
1082 3047 1128 3080 one

132 3115 216 3175 friend,
229 3115 278 3164 and
290 3114 332 3164 the
343 3122 482 3179 premature
493 3114 568 3164 death
581 3115 609 3165 01
617 3117 728 3165 another.

402 3251 425 3291 C.
449 3249 561 3290 PLINIUS
579 3251 742 3292 SATURNINO
763 3251 817 3294 SUO
836 3253 858 3292 S.

171 3363 259 3422 Varie
286 3383 333 3423 me
363 3364 530 3424 adfecerunt
559 3363 668 3421 litterae
694 3375 768 3424 tuae.
816 3364 895 3423 Nam
923 3364 1025 3440 partim
1053 3361 1128 3420 laeta

131 3463 236 3542 partim
261 3464 349 3523 tristia
376 3463 584 3522 continebant:
616 3463 700 3534 laeta,
726 3463 806 3540 quod
831 3473 859 3520 te
887 3464 917 3519 in
941 3462 1012 3518 urbe
1037 3462 1128 3518 teneri

132 3563 319 3636 nuntiabant;
342 3562 487 3621 ‘nollem’
503 3562 608 3638 inquis,
623 3561 676 3620 sed
694 3580 751 3640 ego
771 3561 856 3620 volo:
879 3571 1030 3640 praeterea
1048 3559 1129 3638 quod

621 3679 639 3720 1
