2646 3914
188 139 346 190 LETTERS
371 139 415 187 OF
437 139 466 192 0.
481 139 629 186 PUNIUS
652 136 838 188 CAECILIUS
859 138 1050 192 SECUNDUS.
1100 149 1119 212 3

121 297 223 374 implet
247 307 276 357 et
300 299 450 358 circumit?
480 299 551 377 quid
575 299 697 357 triclinia
721 298 767 356 illa
791 297 950 375 popularia,
976 300 1023 359 illa
1047 320 1119 378 pau·

121 399 244 472 corum?
267 397 335 473 quid
355 398 486 456 cubicula
505 399 608 457 diuma
627 400 788 458 nocturnal
810 399 962 476 possident
981 410 1051 459 teet
1068 419 1120 479 per

121 495 200 554 vices
225 496 403 572 partiuntur?
439 515 485 566 au,
509 505 541 554 ut
569 496 693 567 solebas
718 496 877 556 intentione
904 499 945 556 rei
973 498 1120 559 familiaris

122 595 277 653 obeundae
298 596 404 655 crebris
425 596 643 654 excursionibus
665 595 814 654 avocatis?
857 596 887 655 Si
911 598 1119 675 te-possident‚

79 701 109 736 10
122 691 191 750 felix
218 693 377 770 beatusque
402 712 450 765 es;
484 695 508 752 si
536 694 642 766 minus,
667 711 743 752 unus
772 711 809 752 ex
836 695 941 753 multis.
983 694 1063 767 Quin
1088 706 1120 757 tu

122 787 251 868 (tempus
270 802 315 851 est
333 789 423 868 enirn)
439 792 562 850 humiles
582 801 610 850 et
630 792 761 851 sordidas
777 810 859 850 curas
874 793 936 851 aliis
953 795 1075 854 mandas
1091 805 1121 855 et

122 888 186 964 ipse
200 899 227 946 te
242 890 273 947 in
292 891 350 949 alto
370 892 425 950 isto
440 891 599 967 pinguique
617 909 734 949 secessu
748 890 848 949 studiis
862 892 991 952 adseris?
1013 891 1069 952 hoc
1085 894 1120 954 sit

118 975 274 1062 'negotium
299 998 389 1062 tuum,
413 989 471 1048 hoc
492 990 592 1060 otium,
617 987 664 1046 hic
687 989 778 1059 labor,
800 988 871 1047 haec
893 991 991 1066 quies:
1020 991 1050 1048 in
1074 992 1120 1052 bis

122 1084 226 1160 vigilia,
249 1087 278 1144 in
299 1087 343 1145 his
364 1087 451 1146 etiam
474 1105 595 1146 somnus
619 1096 783 1163 reponatur.
824 1087 940 1165 Effinge
960 1087 1068 1165 aliquid
1089 1077 1121 1148 et'

79 1173 253 1256 15excludeg
282 1186 362 1261 quod
393 1187 428 1244 sit
459 1195 599 1262 perpetuo
629 1195 719 1243 tuum.
776 1185 854 1262 Nam
884 1187 993 1264 reliqua
1023 1205 1119 1246 rerum

121 1290 236 1339 tuarum
256 1292 370 1358 postte
390 1285 478 1342 alium
499 1294 585 1361 atque
604 1284 692 1342 alium
710 1283 862 1342 dominum
883 1287 1043 1357 sortientur,
1061 1285 1122 1347 hoc'

122 1397 285 1455 numquam
304 1389 384 1440 tuum
405 1382 517 1441 desinet
536 1401 608 1453 esse,
624 1383 647 1442 si
663 1382 753 1441 semel
770 1383 905 1459 coeperit.
949 1383 1016 1442 Scio
1031 1403 1119 1462 quern

122 1478 261 1550 animum,
284 1482 364 1556 quod
384 1481 480 1540 horter
501 1481 660 1557 ingenium.
702 1480 751 1538 Tu
774 1481 865 1539 modo
887 1482 994 1540 enitere
1014 1492 1046 1541 ut
1067 1483 1119 1543 tibi

122 1575 186 1652 ipse
201 1577 240 1636 sis
254 1579 334 1651 tanti,
350 1579 450 1656 quanti
464 1578 606 1638 videberis
621 1579 690 1649 aliis,
707 1579 730 1636 si
744 1578 796 1636 tibi
810 1579 906 1639 fueris.
948 1579 1029 1640 Vale.

463 1817 496 1873 4.
537 1809 667 1890 (BOOK
692 1831 716 1870 1.
740 1810 780 1892 6.)

272 1957 327 2007 The
338 1965 478 2023 sportsman
489 1959 551 2010 need
561 1966 605 2008 not
616 1960 685 2009 leave
696 1958 735 2008 his
747 1958 839 2008 studies
851 1957 969 2008 ethome.

335 2097 360 2137 C.
382 2097 494 2137 PLINIUS
514 2096 659 2138 CORNELIO
681 2097 787 2138 TACITO
807 2095 861 2137 SUO
881 2095 904 2136 S.

164 2209 292 2281 Ridebis,
310 2219 339 2268 et
359 2209 425 2268 licet
445 2209 547 2268 rideas.
590 2209 656 2285 Ego
677 2210 723 2268 ille
744 2227 833 2285 quem
854 2209 931 2267 nosti
952 2226 1039 2284 apros
1060 2217 1120 2281 tres

121 2318 150 2368 et
176 2309 294 2385 quidem
318 2307 527 2386 pulcherrimos
551 2309 624 2384 cepi.
674 2307 761 2382 Ipse?
790 2307 893 2382 inquis.
939 2306 1025 2383 Ipse;
1054 2326 1118 2370 non

121 2416 220 2464 tamen
239 2417 271 2466 ut
289 2407 411 2465 omnino
425 2406 463 2465 ab
479 2405 581 2464 inertia
599 2423 666 2463 mea
681 2415 711 2463 et
728 2405 823 2482 quiete
838 2403 1026 2466 discederem.
1067 2405 1118 2466 Ad

121 2505 192 2564 retia
212 2504 368 2564 sedebam:
391 2512 451 2562 erat
470 2505 500 2562 in
519 2504 652 2581 proximo
672 2521 733 2561 non
748 2502 922 2561 venabulum
940 2512 988 2561 aut
1007 2503 1118 2577 lancea,

92 2613 106 2664 5
121 2601 175 2661 sed
194 2603 274 2661 stilus
294 2613 323 2661 et
341 2601 512 2678 pugillares:
537 2601 697 2659 meditabar
714 2599 821 2676 aliquid
840 2601 1063 2677 enotabamque‚
1076 2612 1116 2672 ut,

120 2702 145 2760 si
166 2719 270 2759 manus
286 2718 400 2771 vacuas,
419 2699 521 2777 plenas
537 2709 637 2758 tamen
656 2716 736 2757 ceras
758 2707 942 2775 reportarem.
984 2697 1056 2757 Non
1072 2710 1117 2760 est

120 2799 202 2876 quod
221 2807 391 2858 contemnas
408 2797 465 2857 hoc
480 2797 615 2856 studendi
635 2814 745 2871 genus:
766 2796 871 2854 mirum
890 2805 933 2854 est
952 2806 983 2854 ut
1002 2797 1118 2858 animus

120 2897 277 2974 agitatione
297 2907 437 2972 motuque
454 2897 587 2971 corporis
608 2897 756 2954 excitetur.
798 2894 863 2952 Iam
881 2894 1010 2971 undique
1032 2895 1119 2954 silvae

120 3005 148 3054 et
170 2995 296 3054 solitudo
317 2995 471 3071 ipsumque
493 2994 562 3052 illud
585 2993 736 3064 silentium,
758 2992 839 3070 quod
860 2993 1005 3051 venationi
1026 2992 1117 3064 datur,

76 3111 106 3148 10
119 3087 229 3171 magna
243 3092 426 3170 cogitationis
440 3092 626 3151 incitamenta
641 3101 716 3150 sunt.
745 3091 870 3151 Proinde
886 3110 951 3149 cum
966 3093 1117 3163 venabere,

118 3194 215 3253 licebit
243 3203 360 3253 auctore
388 3211 435 3250 me
460 3200 491 3249 ut
519 3191 670 3268 panarium
695 3201 724 3249 et
751 3190 935 3267 lagunculam
962 3191 1004 3249 sic
1028 3191 1116 3251 etiam

117 3292 275 3369 pugillares
303 3291 392 3351 ieras:
424 3292 578 3368 experieris
605 3308 667 3348 non
694 3289 820 3349 Dianam
847 3290 941 3366 magis
968 3289 1116 3349 montibus

117 3408 208 3472 quam
223 3391 385 3452 Minervam
398 3392 531 3450 inerrare.
572 3387 655 3449 Vale.
672 3449 673 3453 ,
