2646 3914
186 193 230 252 40
461 188 483 234 A
508 188 704 238 snraorrorr
723 171 827 236 rnoru
849 189 917 236 rrra

186 363 349 423 augurarer.
391 346 461 404 Non
482 347 548 405 ideo
562 356 662 405 tamen
682 347 816 404 eximiam
835 346 958 422 gloriam
973 349 1112 406 meruisse
1127 367 1184 419 me,

187 454 219 502 ut
237 427 292 502 'ille
325 446 480 521 praedicat,
510 434 607 516 credo,
636 445 689 502 sed
719 454 831 502 tantum
865 445 1001 521 effugisse
1032 445 1183 521 flagitium.
1197 470 1227 518 15

186 540 264 600 Nam
286 552 314 602 et
336 541 370 602 C.
390 543 570 612 Musonium,
593 560 729 600 socerum
750 542 820 612 eius,
842 552 984 617 quantum
1012 543 1119 601 licitum
1140 554 1185 601 est

184 657 237 715 per
255 650 387 711 aetatem,
403 659 471 699 cum
493 640 684 697 admiratione
705 639 791 697 dilexi
811 649 840 697 et
854 640 1069 700 Artemidorum
1088 643 1185 718 ipsum

186 738 244 794 iarn
265 749 416 810 tumtum
437 739 467 796 in
487 737 569 814 Syria
589 739 720 796 tribunus
742 737 902 808 militarem,
918 749 980 797 arta
996 739 1184 797 familiaritate

186 837 355 912 complexus
384 856 460 908 sum,
490 836 578 911 idque
606 836 732 910 primurn
760 853 822 893 non
850 837 953 895 nullius
981 837 1088 896 indolis
1116 837 1184 896 dedi

153 984 162 1000 ,
186 931 342 1005 specimen,
362 933 442 1009 quod
462 931 554 988 virum
576 940 625 987 aut
646 930 807 1006 sapientem
824 941 873 988 aut
894 933 1059 1007 proximum
1076 931 1183 989 similli-
1195 954 1226 988 ιο

186 1047 325 1106 mumque
348 1030 472 1106 sapienti
491 1028 658 1103 intellegere
679 1045 745 1085 sum
762 1029 847 1086 visus.
889 1028 967 1087 Nam
987 1048 1024 1087 ex
1046 1030 1183 1088 omnibus

186 1128 235 1203 qui
263 1145 343 1186 nunc
371 1145 401 1186 se
429 1126 622 1202 philosophos
651 1135 757 1183 vocant
784 1125 831 1184 vix
859 1144 951 1184 unum
981 1137 1031 1186 aut
1062 1127 1183 1186 alterum

186 1225 315 1282 invenies
332 1233 412 1282 tanta
427 1225 597 1295 sinceritate,
612 1232 692 1282 tanta
706 1223 831 1282 veritate.
874 1224 961 1284 Mitto
975 1243 1033 1301 qua
1046 1226 1183 1302 patientia

186 1324 316 1398 corporis
345 1323 456 1380 hiemes
481 1323 559 1379 iuxta
580 1332 608 1380 et
632 1331 755 1380 aestates
775 1321 854 1393 ferat,
876 1334 907 1381 ut
928 1324 1012 1381 nullis
1036 1324 1182 1382 laboribus

186 1420 279 1492 cedat,
294 1431 325 1478 ut
345 1421 413 1478 nihil
433 1411 463 1478 in
476 1420 551 1492 cibo,
566 1421 596 1477 in
611 1430 682 1496 potu
696 1420 890 1496 voluptatibus
908 1423 1020 1492 tribuat,
1035 1431 1066 1479 ut
1080 1423 1181 1480 oeulos
1194 1447 1222 1496 ²5

186 1519 373 1595 animumque
394 1520 550 1577 contineat.
593 1517 665 1575 Sunt
691 1517 762 1576 haec
787 1537 902 1596 magna,
924 1521 977 1578 sed
997 1521 1028 1577 in
1050 1519 1122 1591 alio;
1151 1520 1181 1578 in

185 1612 243 1671 hoc
263 1631 333 1671 vero
354 1614 483 1683 minima,
505 1615 529 1671 si
552 1613 653 1670 ceteris
674 1613 824 1669 virtutibus
845 1628 1058 1688 comparentur,
1077 1616 1181 1690 quibus

184 1713 288 1769 meruit
315 1721 347 1769 ut
374 1731 391 1770 a
420 1711 452 1770 C.
475 1711 615 1770 Musonio
647 1730 684 1770 ex
716 1712 851 1769 omnibus
882 1713 1014 1769 omnium
1046 1713 1181 1771 ordinum

184 1808 409 1864 adsectatoribus
437 1825 527 1882 gener
554 1806 760 1864 adsumeretur.
804 1804 888 1875 Quae
921 1806 1003 1874 mihi,
1018 1807 1180 1865 recordanti

184 1913 229 1962 est
250 1905 367 1980 quidem
381 1907 539 1964 iucundum
560 1905 640 1981 quod
664 1922 712 1960 me
733 1921 799 1961 cum
825 1903 903 1979 apud
927 1905 998 1961 alios
1019 1914 1081 1962 tum
1102 1907 1181 1981 apud
1192 1929 1224 1976 30

184 2005 212 2060 te
232 2004 319 2061 tantis
338 2005 471 2062 laudibus
486 2004 621 2073 cumulat,
635 2020 735 2059 vercor
751 2010 848 2058 tamen
863 2020 900 2059 ne
915 2003 1036 2060 modum
1050 2005 1180 2074 excedat,

185 2119 273 2177 quem
292 2103 454 2178 benignitas
472 2104 533 2160 eius
551 2100 629 2180 (illuc
648 2102 726 2158 enim
747 2101 826 2158 unde
847 2101 932 2177 coepi
952 2100 1089 2182 revertor)
1107 2104 1181 2162 solet

185 2218 246 2258 non
266 2211 370 2259 tenere.
414 2200 492 2259 Nam
510 2201 540 2258 in
560 2200 616 2258 hoc
635 2218 696 2257 uno
713 2201 857 2258 interdum
871 2204 913 2258 vir
933 2201 1040 2277 alioqui
1055 2201 1182 2277 pruden-

184 2300 312 2358 tissimus
338 2300 462 2358 honesto
484 2299 602 2375 quidem
631 2298 682 2358 sed
710 2311 807 2358 tamen
830 2318 924 2359 errore
945 2310 1079 2372 versatur,
1101 2302 1181 2377 quod

184 2396 272 2472 pluris
293 2399 405 2457 amicos
426 2416 495 2456 suos
516 2417 605 2474 quam
627 2409 693 2458 sunt
713 2401 870 2458 arbitratur.
913 2399 995 2460 Vale.
1193 2421 1222 2469 35

502 2703 556 2757 aa.
599 2696 728 2777 (BOOK
751 2718 777 2774 3.
803 2662 862 2776 12.)

217 2841 288 2904 Pliny
304 2849 400 2905 accepts
412 2841 524 2892 Catilius'
536 2843 666 2892 invitation
683 2861 715 2892 on
731 2845 856 2894 condition
874 2846 928 2895 that
944 2847 986 2896 the
1001 2847 1054 2896 fare
1068 2848 1131 2895 shall
1149 2849 1181 2896 be

184 2923 279 2987 simple,
292 2925 340 2972 and
358 2925 399 2972 the
416 2933 487 2988 party
499 2926 563 2974 shall
579 2925 656 2975 break
673 2943 707 2990 up
724 2927 748 2975 in
766 2928 825 2977 time
842 2935 868 2978 to
886 2930 960 2978 avoid
976 2947 991 2978 a
1007 2931 1137 2994 repetition
1155 2931 1185 2978 of

185 3006 269 3056 Cato's
280 3006 467 3057 misadventure.

408 3163 433 3203 C·
454 3164 568 3205 PLINIUS
588 3165 705 3205 ch1L10
727 3165 836 3207 SEVERO
857 3167 910 3207 SUO
932 3167 954 3206 S.

225 3294 351 3353 Veniam
372 3295 410 3352 ad
426 3313 550 3352 cenam:
574 3297 625 3354 sed
646 3296 704 3354 iam
725 3314 804 3354 nunc
825 3297 956 3372 paciscor
978 3298 1014 3355 sit
1035 3300 1180 3374 expedita,

185 3393 220 3449 sit
234 3411 329 3467 parca,
345 3391 499 3450 Socraticis
518 3402 629 3450 tantum
649 3396 830 3454 sermonibus
851 3393 987 3464 abundet,
1003 3395 1032 3452 in
1047 3397 1091 3455 his
1107 3415 1181 3473 quo-

184 3507 241 3565 que
260 3499 356 3548 teneat
376 3490 506 3550 modum.
549 3490 640 3550 Erunt
660 3493 754 3549 officia
774 3493 952 3563 antelucana,
967 3495 997 3552 in
1016 3512 1091 3569 quae
1109 3496 1180 3554 inci—

184 3588 252 3648 dere
286 3589 395 3664 inpune
430 3609 468 3648 ne
497 3588 602 3648 Catoni
637 3591 754 3667 quidem
789 3589 873 3662 licuit,
902 3609 989 3667 quem
1020 3601 1118 3652 tamen
1144 3592 1179 3654 C.
