2662 3914
7 26 12 257 l

8 296 12 379 l

186 175 344 225 LETTERS
367 180 411 227 OE
434 181 462 231 G.
479 182 627 230 PLINIUS
649 183 835 232 CAECILIUS
856 180 1048 229 SECUNDUS.
1082 184 1139 227 101

140 335 264 411 impulit,
282 357 361 401 nunc
383 341 501 402 infertur
523 344 603 412 mari,
625 363 703 404 nunc
725 343 852 403 redditur
871 353 986 418 stagno.
1036 339 1142 399 Omnis

7 442 8 446 ’
97 447 127 481 10
140 433 188 492 hic
217 447 296 496 aetas
326 440 459 516 piscandi
487 443 643 518 navigandi
672 453 758 519 atque
787 444 874 502 etiarn
903 440 1021 500 natandi
1048 438 1143 496 studio

140 543 264 608 tenetur,
285 540 412 598 maxime
432 541 523 618 pueri,
538 559 613 618 quos
632 543 723 600 otium
743 542 882 617 lususque
904 540 1044 599 sollicitat.
1087 536 1144 594 His

141 631 235 706 gloria
248 646 277 694 et
292 637 380 696 virtus
399 638 536 700 altissime
556 641 692 716 provehi:
723 642 814 699 victor
836 640 881 698 ille
903 638 953 715 qui
974 636 1144 712 longissime

140 741 172 790 ut
197 732 263 792 litus
288 735 327 793 ita
352 737 437 795 simul
461 748 594 797 natantes
622 739 745 815 reliquit.
787 737 857 797 Hoc
886 736 1042 795 certamine
1070 751 1143 809 puer

143 827 263 905 quidam
284 835 437 894 audentior
458 837 560 897 ceteris
582 837 612 895 in
634 837 769 896 ulteriora
791 836 936 897 tendebat.
980 833 1144 909 Delphinus

5 979 7 988 ,
96 947 126 995 15
143 931 268 990 occurrit
289 944 317 991 et
339 952 417 994 nunc
438 935 612 1011 praecedere
636 953 770 1012 puerum,
785 953 863 994 nunc
885 934 976 1010 sequi,
991 950 1070 990 nunc
1090 932 1143 990 cir-

142 1030 262 1101 cumire,
282 1043 430 1107 postremo
453 1034 556 1106 subire,
580 1035 737 1110 deponere,
754 1035 857 1093 iterum
878 1033 974 1093 subire
998 1029 1143 1105 trepidan-

141 1137 260 1205 temque
287 1132 413 1206 perferre
447 1134 572 1210 primurn
608 1135 637 1191 in
656 1134 763 1203 altum,
791 1151 861 1192 mox
890 1131 979 1190 flectit
1011 1129 1050 1188 ad
1064 1107 1142 1186 'litus

141 1227 292 1304 redditque
314 1239 405 1290 terrae
427 1242 456 1290 et
476 1231 651 1308 aequalibus.
696 1231 790 1308 Serpit
809 1250 861 1306 per
880 1229 1026 1288 coloniam
1046 1228 1141 1284 fama:

142 1343 314 1386 concurrere
349 1347 463 1402 omnes,
499 1315 595 1406 ipsum
630 1349 753 1407 puerum
787 1341 937 1406 tamquam
972 1325 1142 1386 miraculum

5 1427 6 1456 ³
96 1439 129 1472 20
142 1425 281 1500 aspicere,
296 1427 481 1502 interrogare,
502 1428 608 1500 audire,
628 1447 754 1488 narrare.
796 1428 916 1487 Postero
939 1428 986 1486 die
1008 1425 1143 1485 obsident

140 1523 215 1594 litus,
238 1536 425 1601 prospectant
447 1545 526 1585 mare
550 1536 579 1584 et
601 1527 696 1603 siquid
716 1521 764 1586 'est
787 1528 860 1586 mari
882 1527 981 1588 simile.
1033 1525 1144 1583 Natant

141 1623 232 1699 pueri,
245 1623 318 1682 inter
328 1625 383 1684 hos
395 1625 450 1698 ille,
463 1625 515 1684 sed
529 1626 647 1684 cautius.
681 1625 846 1702 Delphinus
859 1642 954 1682 rursus
966 1625 1004 1682 ad
1018 1634 1143 1698 tempus

141 1739 240 1780 rursus
269 1721 306 1780 ad
334 1742 466 1798 puerum.
518 1723 605 1800 Fugit
631 1724 678 1782 ille
707 1742 774 1782 curn
803 1723 912 1782 ceteris.
969 1721 1144 1797 Delphinus,

142 1820 226 1895 quasi
240 1821 339 1879 invitet
353 1831 477 1894 revocet,
492 1823 571 1882 exilit
591 1825 729 1899 mergitur
742 1821 895 1897 variosque
914 1823 1000 1880 orbes
1014 1819 1144 1895 implicat

5 1999 6 2002 Ἴ
97 1937 126 1984 25
142 1918 326 1996 expetiitque.
371 1921 440 1980 Hoc
455 1921 544 1980 altero
560 1922 616 1992 die,
631 1921 687 1980 hoc
708 1921 800 1993 tertio,
815 1921 873 1980 hoc
892 1919 1029 1997 pluribus
1046 1919 1142 1978 donec

5 2021 8 2030 ’
142 2017 278 2076 homiues
299 2018 454 2078 innutritos
474 2021 547 2078 mari
570 2022 678 2081 subiret
700 2020 821 2080 timendi
844 2020 947 2097 pudor.
988 2017 1143 2077 Accedunt

142 2125 172 2174 et
207 2115 347 2176 adludunt
381 2128 411 2176 et
444 2119 599 2194 appellant,
629 2128 752 2195 tangunt
787 2120 875 2178 etiarn
910 2127 1142 2194 pertrectantque

142 2216 340 2290 praebentem.
383 2216 495 2276 Crescit
523 2218 645 2276 audacia
668 2218 876 2293 experimento.
920 2216 1049 2274 Maxime
1071 2231 1142 2290 puer

144 2315 194 2392 qui
222 2316 333 2391 primus
360 2326 496 2393 expertus
519 2325 569 2376 'est
597 2316 724 2387 adnatat,
749 2317 836 2374 insilit
865 2325 954 2390 tergo,
984 2314 1071 2374 fertur
1099 2331 1143 2371 re-

95 2435 129 2484 30
143 2415 298 2492 ferturque,
323 2417 445 2492 agnosci
474 2436 505 2476 se
533 2427 562 2476 et
589 2416 679 2474 amari
704 2425 794 2492 putat,
821 2425 899 2474 amat
926 2416 1007 2491 ipse:
1042 2421 1143 2471 neuter

143 2515 233 2586 timet,
262 2524 363 2574 neuter
396 2516 528 2576 timetur:
573 2515 667 2574 huius*
691 2515 805 2586 fiducia,
839 2512 1034 2572 mansuetudo
1068 2510 1142 2570 illius

143 2623 272 2688 augetur.
325 2613 473 2673 Necnon
498 2615 545 2672 alii
567 2615 647 2690 pueri
670 2614 770 2672 dextra
794 2613 932 2688 laevaque
960 2610 1045 2669 simul
1073 2620 1143 2668 eunt

144 2711 291 2770 hortantes
326 2723 547 2789 monentesque.
603 2714 668 2772 Ibat
702 2731 761 2771 una
797 2709 839 2790 (id
873 2728 991 2787 quoque
1024 2708 1142 2787 mirum)

145 2810 298 2887 delphinus
327 2812 408 2882 aliua,
436 2822 549 2871 tanturn
579 2821 724 2887 spectator
751 2820 780 2869 et
812 2827 931 2869 comes:
966 2807 1037 2867 nihil
1064 2808 1143 2866 enim

98 2928 129 2978 35
145 2909 238 2968 simile
257 2921 312 2968 aut=
326 2909 450 2968 faciebat
471 2920 519 2968 aut
538 2911 707 2987 patiebatur,
723 2910 776 2969 sed
790 2908 909 2967 alterurn
923 2908 1003 2966 illum
1018 2906 1143 2966 ducebat

144 3007 365 3083 reducebatque,
394 3018 425 3065 ut
460 3026 582 3083 puerum
611 3008 697 3067 ceteri
729 3007 817 3083 pueri.
873 2991 1055 3076 Incredibile,
1083 3013 1143 3061 tam

144 3105 244 3164 verum
272 3114 370 3165 tamen
399 3124 487 3182 quam
515 3107 619 3181 pn‘ora,
649 3106 817 3181 delphinum
845 3115 1021 3181 gestatorem
1053 3101 1143 3160 collu-

145 3222 302 3279 soremque
336 3221 493 3281 puerorum
528 3205 558 3261 in
593 3216 699 3264 terram
731 3222 848 3280 quoque
882 3201 993 3261 extrahi
1027 3200 1144 3258 solitum

145 3301 318 3377 harenisque
338 3303 487 3372 siccatum,
502 3301 551 3360 ubi
570 3301 744 3373 incaluisset,
759 3303 789 3359 in
808 3320 888 3360 mare
906 3299 1018 3358 revolvi
1064 3295 1144 3356 Cou-

99 3426 132 3476 40
146 3410 201 3460 stat
223 3400 377 3460 Octavium
391 3401 518 3471 Avitum,
538 3401 665 3476 legatum
686 3401 878 3477 proconsulis,
900 3399 1016 3456 inlitus
1037 3397 1144 3456 educto

145 3500 284 3576 religione
312 3519 399 3575 prava
428 3498 621 3577 superfudisse
644 3509 834 3574 unguentum,
858 3499 938 3558 cuius
958 3497 1039 3555 illurn
1063 3499 1144 3556 novi-

145 3607 236 3658 tatem
261 3599 441 3675 odoremque
466 3599 496 3656 in
521 3597 611 3657 altum
635 3595 774 3672 refugisse
803 3615 857 3656 nec
883 3597 938 3656 nisi
960 3606 1028 3673 post
1052 3597 1144 3656 multo
