2646 3914
449 115 472 161 A
496 112 693 162 SELEOTION
711 114 816 162 FROM
837 112 910 164 THE

517 373 568 426 2⁶·
611 365 739 446 <Boou
763 385 789 442 ³.
812 369 855 441 5.)

215 515 288 578 Pliny
306 519 457 563 enumeratas
478 512 503 561 in
525 513 597 562 order
616 512 658 563 the
680 513 762 564 books
781 514 877 562 written
899 513 934 576 by
955 512 994 562 his
1016 509 1103 570 uncle3
1130 509 1180 559 and

183 598 305 648 describes
327 598 370 646 the
391 597 475 646 habits
491 596 522 645 os
537 597 721 661 extraordinary
737 589 848 660 industry
864 597 946 646 which
962 595 1066 645 enabled
1082 594 1135 642 him
1152 603 1183 642 to

182 681 307 754 complete
322 695 353 728 so·
367 687 423 730 vast
439 695 471 728 au
487 687 590 728 amount
607 679 637 728 os
649 680 727 731 work

421 833 446 875 C.
467 831 583 874 PLINIUS
601 831 706 875 BAEBIO
727 830 825 874 MACRO
846 831 900 874 SUO
921 831 943 873 S.

193 1019 196 1028 ,
227 963 395 1040 Pergratum
416 973 461 1024 est
481 965 552 1022 mihi
573 963 653 1042 quod
676 973 737 1023 tarn
758 965 909 1042 diligenter
935 965 1024 1024 libros
1048 963 1182 1023 avunculi

185 1067 244 1134 mei
271 1066 391 1138 lectitas,
418 1075 451 1124 ut
477 1065 583 1124 habere
611 1083 715 1124 omnes
743 1065 812 1124 velis
840 1083 1019 1143 quaerasque
1047 1065 1096 1141 qui
1124 1064 1183 1122 sint

186 1180 300 1222 omnes
340 1161 456 1238 Fungar
469 1161 573 1219 indicis
587 1161 716 1236 partibus
732 1171 818 1237 atque
833 1163 920 1220 etiam
934 1179 993 1237 quo
1008 1160 1065 1219 sint
1079 1159 1184 1218 ordine

187 1260 284 1336 scripti
306 1269 409 1318 notum
428 1258 480 1318 tibi
501 1259 605 1318 faciam
620 1280 626 1316 :
643 1268 699 1329 ,est
720 1260 799 1318 enim
819 1258 892 1318 haec
909 1277 1026 1337 quoque
1048 1257 1184 1317 studiosis

188 1375 251 1416 non
279 1356 437 1416 iniucunda
460 1358 596 1434 cognitio.
650 1357 712 1416 ‘De
734 1357 905 1416 iaculatione
927 1357 1051 1434 equestri
1075 1374 1151 1416 unus
1164 1354 1182 1413 :'
1193 1382 1207 1432 5

189 1456 276 1528 hunc,
299 1474 365 1515 curn
393 1454 555 1533 praefectus
583 1455 645 1514 alae
673 1456 823 1528 militaret,
835 1456 897 1532 pari
917 1457 1036 1532 ingenio
1058 1473 1183 1530 curaque

190 1554 362 1630 conposuit!
405 1553 469 1612 ‘De
485 1555 542 1613 vita
563 1554 709 1630 Pomponi
732 1553 858 1612 Secundi
876 1553 953 1626 du0,'
973 1573 990 1612 a
1007 1571 1068 1630 quo
1085 1556 1186 1628 singu·

98 1689 100 1706 .
189 1653 285 1712 lariter
306 1661 417 1711 amatus
438 1652 496 1711 hoc
517 1654 674 1710 memoriae
702 1653 787 1710 amici
815 1653 898 1728 quasi
919 1651 1048 1710 debitum
1078 1670 1187 1710 munus

191 1751 318 1813 exsolvit.
363 1752 528 1810 ‘Bellorum
543 1750 718 1809 Germaniae
733 1750 850 1834 ¹viginti,'
865 1750 971 1826 quibus
990 1750 1091 1809 omnia
1110 1767 1186 1825 quae

191 1868 259 1910 cum
281 1849 435 1908 Germanis
456 1849 600 1924 gessimus
620 1848 696 1906 bella
717 1848 839 1923 collegit.
881 1847 1042 1920 inchoavit,
1064 1867 1130 1906 cum
1155 1849 1185 1906 in
1198 1871 1232 1905 10

193 1946 352 2006 Germania
372 1947 513 2016 militaret,
535 1947 650 2004 somnio
672 1947 819 2003 monitus:
847 1945 953 2004 adstitit
975 1945 1002 2004 ei
1026 1947 1186 2022 quiescenti

192 2045 280 2103 Drusi
309 2044 434 2104 Neronis
455 2041 572 2120 effigies,
595 2045 645 2120 qui
673 2043 846 2124 Germaniae
874 2044 1011 2102 latissime
1031 2044 1121 2103 victor
1148 2047 1188 2104 ibi

192 2144 285 2222 periit,
307 2142 533 2201 commendabat
559 2142 730 2199 memoriam
758 2159 841 2200 suam
867 2141 1025 2217 orabatque
1046 2151 1077 2200 ut
1099 2161 1130 2200 se
1150 2143 1190 2200 ab

193 2240 296 2298 iniuria
310 2240 461 2299 oblivionis
481 2238 634 2297 adsereret.
678 2237 823 2297 ‘Studiosi
840 2239 916 2310 tres,’
931 2239 960 2296 in
976 2257 1027 2297 sex
1041 2239 1189 2298 volumina

195 2347 313 2416 propter
331 2337 551 2415 amplitudinem
567 2336 656 2407 divisi,
671 2338 777 2414 quibus
791 2346 935 2396 oratorem
956 2339 993 2395 ab
1007 2337 1189 2396 incunabulis
1201 2360 1232 2410 15
1316 2359 1317 2412 ξ

194 2437 314 2495 instituit
342 2447 370 2496 et
397 2437 518 2514 perficit.
558 2435 666 2494 ‘Dubii
694 2436 836 2494 sermonis
861 2447 929 2496 octo
943 2435 963 2494 :'
994 2437 1107 2513 scripsit
1135 2438 1190 2495 sub

194 2533 313 2595 Nerone
328 2534 492 2593 novissimis
512 2534 603 2605 annis,
620 2551 687 2591 cum
701 2551 789 2590 omne
809 2533 970 2592 studiorum
989 2553 1083 2610 genus
1102 2537 1191 2612 paulo

194 2630 311 2691 liberius
332 2643 361 2690 et
389 2632 511 2690 erectius
539 2631 735 2708 periculosum
760 2632 881 2690 servitus
902 2632 1025 2692 fecisset.
1068 2633 1112 2690 ‘A
1133 2633 1192 2690 fine

195 2730 293 2788 Aufidi
314 2730 398 2790 Bassi
418 2731 535 2806 triginta
555 2729 649 2789 unus’
692 2728 835 2789 ‘Naturae
865 2729 1047 2790 historiarum
1075 2732 1193 2808 triginta

194 2828 323 2904 septem‚'
344 2846 419 2904 opus
440 2828 590 2900 diffusum,
608 2826 759 2898 eruditum,
778 2847 832 2886 nec
853 2830 951 2888 minus
972 2831 1081 2888 varium
1101 2848 1190 2907 quam
1204 2854 1236 2888 ιο

193 2928 257 3002 ipsa
281 2937 392 2985 natura.
435 2925 551 2986 Miraris
572 2925 653 3002 quod
674 2935 716 2984 tot
736 2926 885 2985 volumina
913 2929 1060 3006 multaque
1089 2929 1119 2986 in
1146 2928 1193 2988 his

192 3035 253 3084 tam
268 3025 437 3102 scrupulosa
454 3026 544 3084 homo
560 3033 718 3100 occupatus
733 3025 903 3085 absolverit:
925 3029 1019 3104 magis
1036 3028 1192 3099 miraberis

181 3123 215 3183 si
237 3123 336 3182 scieris
357 3123 438 3181 illum
460 3123 626 3198 aliquandiu
647 3140 750 3180 causas
772 3123 914 3198 actitasse,
932 3125 1092 3186 decessisse
1114 3145 1194 3185 anno

189 3232 274 3280 sexto
296 3230 325 3280 et
346 3222 619 3298 quinquagensimo,
634 3220 764 3278 medium
785 3232 900 3298 tempus
922 3223 1080 3282 distentum
1100 3224 1195 3302 impe·

194 3319 344 3396 dirumque
380 3338 437 3396 qua
472 3319 575 3378 officiis
608 3319 742 3408 maximis
776 3338 835 3397 qua
872 3320 997 3378 amicitia
1030 3322 1194 3398 principum
1208 3341 1239 3393 ²5
1310 3339 1317 3400 q

194 3419 300 3491 egisse.
337 3417 396 3477 Sed
415 3428 475 3476 erat
495 3436 560 3476 acre
574 3418 732 3492 ingenium,
748 3417 913 3476 incredibile
928 3420 1066 3485 studium.
1081 3438 1197 3479 summa

195 3515 350 3592 vigilantia.
393 3517 560 3577 Lucubrare
585 3515 792 3576 Vulcanalibus
821 3517 985 3593 incipiebat,
1011 3536 1071 3577 non
1101 3517 1198 3596 auspi-
