2646 3914
195 162 355 214 LETTERS
378 168 422 215 OE
445 168 474 218 U.
490 169 637 217 PLINIUS
659 166 844 217 CAECILIUS
863 167 1055 218 SECUNDUS.
1101 173 1142 237 29

139 324 329 396 servulorum,
355 345 416 386 non
441 328 529 387 maris
557 347 695 401 murmur,
720 345 782 386 non
805 337 1010 404 tempestatum
1034 337 1140 398 motus,

74 431 123 467 100
138 439 202 480 non
217 422 364 501 fulgurum
378 427 477 486 lumen
492 447 526 487 ac
543 447 581 486 ne
601 428 678 487 diem
697 427 817 505 quidem
832 429 924 500 sentit,
939 427 995 486 nisi
1009 427 1141 486 fenestris

139 523 256 597 apertis.
299 523 376 583 Tam
397 525 445 583 alti
468 526 615 602 abditique
638 527 740 585 secreti
761 526 808 584 illa
829 526 911 597 ratio,
931 526 1011 603 quod
1029 526 1142 584 interia-

137 636 211 678 cens
233 621 346 681 andron
367 624 505 698 parietem
527 625 650 684 cubiculi
669 623 803 700 hortique
825 624 975 701 distinguit
996 636 1083 700 atque
1101 624 1141 682 ita

137 734 260 775 omnem
285 738 392 778 sonum
414 722 512 781 media
537 723 677 781 inanitate
701 723 854 781 consumit.
896 723 1075 799 Adplicitum
1097 733 1140 782 est

136 816 272 875 cubiculo
300 818 502 895 hypocauston
530 822 730 898 perexiguum,
755 820 836 897 quod
864 831 988 895 angusta
1016 821 1140 880 fenestra

74 928 121 979 ¹05
138 918 323 992 suppositum
344 919 479 994 calorem,
494 931 525 978 ut
544 921 616 980 ratio
638 921 735 998 exigit,
750 930 799 979 aut
818 920 940 979 effundit
957 930 1006 979 aut
1027 922 1137 980 retinet.

136 1013 304 1074 Procoeton
332 1017 399 1076 inde
429 1029 458 1078 et
486 1021 652 1080 cubiculum
679 1020 836 1096 porrigitur
864 1019 895 1077 in
922 1019 1022 1092 solem,
1052 1037 1139 1095 quem

137 1114 281 1172 orientem
303 1115 400 1175 statim
422 1129 576 1194 exceptum
594 1119 668 1176 ultra
688 1117 839 1176 meridiem
861 1097 989 1178 oblicum
1011 1116 1137 1194 quidem,
1163 1145 1164 1150 1

137 1212 191 1271 sed
216 1224 313 1275 tamen
339 1226 464 1281 servata
483 1216 519 1274 In
543 1218 619 1277 hanc
641 1235 698 1293 ego
725 1217 850 1275 diaetam
871 1235 938 1275 cum
960 1235 1008 1275 me
1032 1217 1144 1293 recepi,¹

137 1311 241 1372 abesse
255 1315 325 1373 mihi
340 1316 426 1373 etiam
441 1334 458 1373 a
471 1314 536 1375 villa
550 1319 617 1376 mea
630 1317 737 1386 videor,
749 1331 946 1392 magnamque
961 1315 1022 1374 eius
1036 1315 1137 1392 volup-

74 1420 123 1456 110
138 1419 227 1471 tatem
249 1416 403 1492 praecipue
428 1412 625 1475 Saturnalibus
647 1416 741 1491 capio,
763 1431 831 1473 cum
851 1395 961 1490 reliqua
982 1432 1049 1491 pars
1070 1415 1138 1472 tecti

103 1501 106 1513 ‘
138 1509 253 1570 licentia
272 1509 382 1572 dierum
397 1514 534 1591 festisque
557 1514 729 1574 clamoribus
748 1523 900 1589 personat:
922 1531 991 1572 nam
1006 1532 1061 1573 nec
1075 1513 1137 1590 ipse

137 1626 271 1668 meorum
299 1612 408 1671 lusibus
436 1632 491 1671 nec
519 1611 558 1670 illi
586 1613 687 1671 studiis
714 1612 787 1670 meis
815 1611 993 1687 obstrepunt.
1050 1611 1137 1669 Haec

135 1708 251 1781 utilitas,
266 1709 338 1769 haec
354 1709 516 1770 amoenitas
531 1711 661 1793 deficitur
676 1723 753 1785 aqua
768 1709 889 1780 salienti,
907 1709 959 1767 sed
978 1719 1082 1784 puteos
1103 1727 1137 1766 ac

135 1808 233 1882 potius
261 1809 356 1868 fontes
384 1809 487 1870 habet:
520 1819 587 1870 sunt
615 1810 694 1867 enim
721 1808 752 1865 in
780 1825 905 1866 summo.
947 1804 985 1864 Et
1013 1807 1135 1885 omnipo

73 1911 119 1962 Π5
135 1905 226 1964 litoris
246 1907 319 1966 illius
336 1906 409 1967 mira
428 1917 545 1967 natura:
568 1925 753 1985 quocumque
773 1906 839 1965 loco
859 1905 983 1964 moveris
1005 1904 1135 1976 humum,

136 2004 238 2063 obvius
255 2015 283 2062 et
297 2015 413 2081 paratus
433 2025 520 2066 umor
534 2007 666 2076 occurrit,
681 2007 763 2082 isque
784 2005 914 2064 sincerus
933 2019 968 2062 ac
987 2021 1031 2079 ne¹
1039 2003 1137 2062 leviter
1222 1987 1228 2001 '

135 2101 256 2177 quidem
270 2113 349 2162 tanta
362 2106 450 2165 maris
465 2105 609 2166 vicinitate
630 2115 787 2180 corruptus
833 2102 998 2178 Suggerunt
1019 2101 1138 2159 adfatim

134 2199 215 2276 ligna
243 2203 394 2277 proximae
424 2205 529 2264 silvae:
565 2213 675 2262 ceteras
710 2202 810 2277 copias
842 2200 986 2259 Ostiensis
1019 2199 1136 2258 colonia

134 2299 285 2359 ministrat.
331 2297 419 2379 Frugi
439 2298 555 2379 quidem
576 2301 688 2359 homini
710 2297 812 2358 sufficit
833 2298 919 2356 etiam
941 2298 1028 2368 vicus,
1047 2314 1135 2373 quem

10 2439 12 2450 ι
72 2406 121 2442 1²0
134 2414 196 2456 una
215 2398 281 2457 villa
309 2399 460 2459 discernit:
489 2401 519 2457 in
546 2398 604 2457 hoc
627 2397 740 2456 balinea
767 2395 912 2455 meritoria
939 2395 1002 2466 tria,
1026 2412 1136 2471 magna
1225 2427 1229 2436 ·

134 2499 337 2570 commoditas
353 2501 376 2560 si
392 2497 465 2561 forte
479 2500 626 2559 balineum
647 2497 727 2558 domi
741 2497 785 2556 vel
803 2496 914 2556 subitus
934 2495 1075 2555 adventus
1089 2497 1135 2556 vel

133 2596 249 2655 brevior
269 2616 352 2657 mora
377 2598 516 2658 calfacere
544 2598 717 2656 dissuadeat.
760 2595 842 2654 Litus
870 2601 976 2653 ornant
999 2595 1134 2682 varietate

133 2693 297 2771 gratissima
310 2715 388 2755 nunc
404 2698 541 2757 continua
554 2710 632 2755 nunc·
646 2693 810 2753 intermissa
823 2704 899 2753 tecta
910 2694 1047 2765 villarum,
1060 2713 1134 2771 quae

134 2803 282 2868 praestant
300 2794 455 2853 multarum
473 2796 590 2853 urbium
611 2794 722 2864 faciem,
738 2795 797 2851 sive
811 2793 884 2852 mari
898 2792 957 2850 sive
972 2793 1037 2869 ipso
1051 2793 1134 2854 litore

70 2896 117 2948 1²5
133 2899 230 2964 utare;
249 2892 329 2969 quod
343 2911 403 2950 non
418 2909 580 2971 numquam
594 2893 684 2970 longa
698 2892 887 2968 tranquillitas
900 2890 1002 2963 mollit,
1018 2893 1133 2969 saepius

132 2987 268 3066 frequens
297 3000 326 3049 et
354 2993 516 3051 contrarius
544 2993 649 3051 fluctus
678 2991 801 3050 indurat.
858 2989 941 3048 Mare
970 3007 1033 3048 non
1061 3007 1131 3049 sane

131 3087 266 3162 pretiosis
283 3089 412 3164 piscibus
434 3090 571 3161 abundat,
587 3090 682 3148 soleas
701 3099 800 3148 tamen
821 3097 850 3146 et
869 3088 985 3164 squillas
1006 3089 1132 3164 optimas

132 3185 231 3261 egerit.
287 3185 365 3245 Villa
399 3206 468 3246 vero
503 3199 604 3246 nostra
642 3187 730 3245 etiam
769 3187 995 3245 mediterraneas
1030 3187 1132 3262 copias

132 3292 268 3359 praestat,
290 3283 335 3343 lac
356 3285 387 3343 in
407 3285 525 3363 primis:
555 3302 624 3344 nam
646 3283 742 3344 illuce
761 3285 878 3360 pascuis
899 3304 1006 3362 pecora
1027 3294 1132 3345 conve-

71 3396 118 3447 130
132 3381 224 3452 niunt,
250 3382 394 3460 siquando
419 3402 526 3461 aquam
548 3383 718 3442 umbramve
746 3394 898 3443 sectantur.
941 3383 1065 3442 Iustisne
1095 3385 1131 3444 de

16 3463 20 3472 ’
133 3481 229 3539 causis
243 3480 301 3538 iam
314 3481 366 3540 tibi
380 3482 479 3540 videor
493 3481 628 3552 incolere,
642 3481 811 3554 inhabitare,
827 3483 944 3558 diligere
962 3484 1131 3541 secessum?

131 3596 221 3655 quem
241 3588 272 3637 tu
291 3580 378 3640 nimis
396 3583 524 3641 urbanus
545 3599 576 3644 es
598 3581 654 3640 nisi
674 3581 866 3658 concupiscis.
908 3579 1006 3658 Atque
1020 3583 1130 3641 utinam
