2646 3914
181 110 341 159 sarrano
365 112 409 159 ou
432 112 462 161 o.
478 111 626 162 PLlntltlS
649 112 835 160 cruciarus
849 112 1048 162 recurvum.
1094 101 1134 164 81

132 269 235 346 diligo,
250 271 377 346 primum
393 281 426 330 ut
439 289 570 331 sororem
590 269 699 330 Corelli
718 271 796 343 Rufi,
811 272 894 330 cuius
912 272 982 330 mihi
996 273 1138 330 memoria

85 396 118 430 10
132 381 322 429 sacrosancta
357 381 410 442 est,
439 370 546 430 deinde
581 380 612 428 ut
646 372 731 429 matri
766 389 849 429 meae
877 370 1137 430 familiarissimam.

133 468 208 526 Sunt
229 469 301 527 mihi
322 479 351 527 et
375 487 443 527 cum
463 471 567 528 marito
588 470 658 540 eius,
679 469 801 528 Minicio
823 469 914 542 Iusto,
934 471 1046 547 optimo
1067 471 1137 543 viro,

131 576 230 625 vetera
249 567 327 640 iura;
358 568 474 627 fuerunt
495 578 610 627 etcum
631 568 690 626 filio
711 568 847 637 maxima,
867 568 943 627 adeo
964 570 1092 646 quidem,
1106 579 1139 629 ut

131 676 267 744 praetore
293 685 341 724 me
365 666 441 726 ludis
462 668 535 726 meis
557 666 744 744 praesederit.
793 665 887 736 Haec,
911 685 979 725 cum
1003 669 1138 744 proxime

131 765 197 824 istic
208 764 257 838 lui,
266 765 403 823 indicavit
418 765 488 823 mihi
503 784 609 842 cupere
620 784 651 824 se
662 765 771 842 aliquid
782 764 858 823 circa
872 764 991 822 Larium
1005 777 1138 825 nostrum

86 891 117 940 15
132 863 293 940 possidere.
336 862 402 939 Ego
427 864 466 922 illi
488 883 524 922 ex
546 865 672 941 praediis
690 864 764 923 meis
784 863 865 940 quod
882 863 966 922 vellet
988 874 1017 922 et
1038 867 1139 941 quanti

132 962 219 1022 vellet
233 962 325 1020 obtuli
339 962 469 1038 exceptis
487 963 625 1022 maternis
643 963 846 1039 paternisque:
877 962 922 1020 his
941 962 1019 1021 enim
1034 963 1138 1021 cedere

133 1081 171 1119 ne
196 1060 336 1120 Corelliae
362 1061 480 1138 quidem
500 1079 633 1136 possum.
675 1061 766 1137 Igitur
791 1078 859 1120 cum
881 1061 1046 1119 obvenisset
1067 1061 1139 1119 mihi

131 1159 286 1230 hereditas,
301 1159 331 1215 in
346 1177 404 1234 qua
423 1158 541 1234 praedia
561 1159 623 1230 ista,
639 1158 739 1235 scripsi
759 1159 786 1216 ei
801 1159 914 1217 venalia
927 1157 1028 1220 lutura.
1072 1159 1138 1220 Has

133 1259 271 1334 epistulas
286 1257 414 1316 Hermes
428 1258 490 1316 tulit
504 1257 690 1335 exigentique
704 1267 736 1315 ut
751 1258 847 1316 statim
861 1258 1028 1335 portionem
1041 1278 1139 1320 meam

87 1383 119 1417 20
134 1357 190 1416 sibi
214 1355 360 1414 addiceret
384 1356 486 1433 paruit.
528 1355 629 1428 Vides,
653 1374 743 1432 quam
767 1366 862 1414 ratum
885 1356 1009 1416 debeam
1031 1357 1139 1418 habere

134 1455 216 1531 quod
229 1455 347 1513 libertus
364 1472 448 1513 meus
465 1455 537 1513 meis
557 1455 687 1513 moribus
706 1455 803 1531 gessit.
847 1453 987 1532 Superest
1004 1465 1036 1514 ut
1051 1458 1139 1516 cohe-

134 1554 219 1612 redes
234 1571 328 1630 aequo
344 1553 442 1612 animo
457 1553 550 1611 ferant
565 1554 721 1630 separatim
735 1571 782 1612 me
793 1554 958 1612 vendidisse
973 1555 1054 1632 quod
1068 1556 1140 1615 mihi

134 1652 213 1710 licuit
226 1652 348 1710 omnino
363 1670 425 1710 non
439 1652 572 1710 vendere.
608 1651 673 1710 Nec
684 1671 752 1711 vero
763 1662 907 1729 coguntur
921 1653 1025 1712 imitari
1039 1671 1139 1711 meum

135 1750 318 1826 exemplum:
342 1768 404 1808 non
417 1752 496 1810 enim
507 1751 561 1810 illis
572 1752 677 1811 eadem
689 1769 755 1809 cum
767 1749 893 1810 Corellia
906 1752 976 1810 iura.
1011 1751 1140 1812 Possunt

88 1876 100 1908 2
105 1876 119 1924 5
135 1866 207 1924 ergo
218 1849 322 1908 intueri
331 1850 483 1908 utilitatem
498 1868 591 1922 suam,
602 1867 657 1926 pro
670 1868 729 1927 qua
738 1849 810 1908 mihi
824 1848 876 1908 fuit
887 1849 1020 1908 amicitia.
1055 1848 1137 1910 Vale.

458 2089 513 2142 65.
557 2081 686 2163 (BOOK
708 2097 735 2159 7.
761 2082 821 2162 14.)

170 2223 279 2273 Corellia
295 2223 341 2272 has
358 2223 435 2272 sound
453 2230 497 2270 out
515 2222 557 2272 the
573 2223 713 2287 advantage
730 2224 773 2273 she
789 2223 834 2273 has
851 2224 913 2273 been
932 2223 1039 2273 allowed
1054 2223 1079 2273 in
1096 2223 1141 2273 her

136 2305 264 2369 purchase,
277 2306 326 2355 and
337 2305 426 2355 wishes
441 2310 468 2353 to
484 2321 533 2368 pay
544 2304 586 2354 the
603 2305 648 2354 l'ull
660 2305 735 2369 price,
747 2305 830 2354 which
846 2297 961 2355 however
971 2305 1044 2369 Pliny
1054 2306 1140 2370 gently

136 2390 182 2438 but
194 2388 276 2452 firmly
287 2388 385 2440 refuses.

400 2534 425 2574 C.
446 2533 561 2574 PLINIUS
582 2533 746 2575 CORELLIAE
766 2534 838 2574 SUAE
859 2533 882 2574 S.

178 2646 227 2704 Tu
248 2647 368 2723 quidem
388 2648 602 2720 honestissime,
625 2649 706 2725 quod
728 2658 789 2707 tam
810 2649 933 2724 inpense
955 2657 984 2706 et
1004 2667 1092 2726 rogas
1112 2657 1142 2708 et

136 2747 229 2821 exigis
244 2757 275 2804 ut
293 2747 388 2824 accipi
403 2748 519 2807 iubeam
532 2766 549 2805 a
563 2756 592 2805 te
611 2747 737 2823 pretium
751 2766 889 2824 agrorum
903 2765 965 2806 non
979 2766 1016 2806 ex
1030 2749 1140 2825 septin-

135 2845 232 2920 gentis
246 2847 371 2918 milibus,
386 2848 486 2923 quanti
501 2847 565 2905 illos
585 2865 603 2905 a
621 2846 726 2904 liberto
745 2863 822 2917 meo,
843 2845 896 2903 sed
916 2864 952 2908 ex
974 2848 1140 2923 nongentis,

136 2944 238 3020 quanti
253 2964 270 3003 a
284 2945 447 3022 publicanis
467 2956 581 3021 partem
600 2945 767 3004 vicesimam
787 2943 889 3002 emisti.
932 2943 1064 3004 Invicem
1083 2963 1140 3021 ego

107 3067 121 3116 5
137 3053 166 3101 et
179 3061 253 3119 rogo
268 3054 297 3102 et
312 3044 399 3121 exigo
412 3053 444 3102 ut
459 3062 520 3102 non
536 3045 631 3103 solum
646 3043 717 3120 quid
733 3052 771 3114 te,
786 3060 886 3101 verum
905 3043 992 3102 etiam
1007 3042 1077 3120 quid
1092 3060 1140 3101 me

138 3141 239 3200 deceat
253 3143 377 3219 aspicias
391 3141 567 3220 patiarisque
581 3161 630 3201 me
645 3142 675 3199 in
689 3140 747 3200 hoc
766 3159 827 3200 uno
846 3142 898 3200 tibi
917 3141 1023 3201 eodem
1041 3141 1140 3202 animo

136 3258 308 3318 repugnare,
324 3259 384 3319 quo
399 3242 430 3300 in
445 3240 581 3300 omnibus
596 3240 720 3318 obsequi
734 3239 824 3300 soleo.
866 3238 948 3299 Vale.
