2662 3914
178 151 218 213 88
449 163 471 211 A
497 161 693 212 saracrron
712 163 817 212 raon
839 163 908 211 rna

513 381 567 435 ⁷0.
613 373 744 448 (BOOK
767 377 794 433 8.
819 371 860 452 a.)

210 504 283 567 Pliny
291 503 336 552 has
348 503 392 552 felt
403 504 512 568 obliged,
525 506 559 568 by
570 506 611 554 the
624 505 711 554 failure
722 506 752 554 oi
760 505 802 555 the
814 521 881 571 crop,
893 513 920 554 to
932 506 1013 554 throw
1024 503 1089 554 back
1100 510 1127 552 to
1139 503 1182 551 the

178 586 322 651 purchasers
337 587 366 634 ol
378 587 417 636 his
429 587 541 652 vintages
552 596 609 653 part
625 589 655 637 of
668 588 711 637 the
722 588 789 653 price
805 588 896 652 agreed
908 603 956 647 on;
973 588 1022 636 and
1039 587 1122 652 points
1137 593 1182 634 out

179 669 233 718 that
240 669 271 717 he
280 668 326 717 has
337 669 409 718 made
416 669 454 718 his
465 669 605 719 remissioris
617 677 648 718 'on
660 669 750 738 ascale
762 671 949 735 proportionate
958 677 984 718 to
994 670 1036 718 the
1045 669 1093 717 sire
1104 667 1135 716 of
1139 668 1181 717 the

178 751 277 800 various
289 752 411 816 bargains,
423 752 472 800 and
483 760 510 801 at
521 752 564 802 the
575 768 643 801 same
655 753 715 802 time
726 753 771 801 has
784 753 938 816 encouraged
950 758 1050 817 prompt
1061 767 1156 815 payera

464 897 489 938 C.
512 896 624 937 PLINIUS
644 897 775 938 anvrsto
795 898 850 939 SUO
871 898 893 938 S.

218 1013 275 1071 Alii
295 1013 326 1071 in
348 1012 468 1088 praedia
489 1027 540 1070 sua
560 1011 793 1087 proficiscuntur,
810 1022 844 1070 ut
864 1012 1067 1089 locupletiores
1087 1029 1180 1069 rever-

178 1121 283 1182 tantur,
304 1129 370 1186 eg0,
389 1119 421 1168 ut
442 1110 605 1185 pauperior.
647 1109 847 1169 Vendideram
867 1112 1029 1170 vindemias
1051 1111 1181 1170 certatim

176 1209 407 1286 negotiatoribus
428 1209 600 1267 ementibus.
642 1208 787 1268 Invitabat
806 1210 939 1285 pretium,
960 1221 989 1268 et
1010 1209 1090 1286 quod
1111 1219 1181 1267 tunc

179 1318 208 1367 et
243 1308 324 1384 quod
351 1306 413 1366 lore
440 1307 599 1366 videbatur.
648 1306 723 1386 Spes
751 1307 857 1367 fefellit.
907 1308 978 1367 Erat
1013 1307 1181 1386 expeditum

178 1407 316 1464 omnibus
334 1406 479 1464 remittere
500 1406 664 1483 aequaliter,
684 1407 818 1466 sednon
840 1407 909 1466 satis
930 1425 1064 1485 aequum.
1107 1405 1209 1470 Mihi5

178 1516 277 1564 autem
300 1507 449 1582 egregium
471 1506 502 1562 in
529 1507 629 1582 primis
651 1506 762 1564 videtur
783 1516 815 1564 ut
835 1505 906 1565 soris
926 1506 966 1564 ita
987 1506 1077 1577 domi,
1098 1515 1131 1564 ut
1152 1506 1182 1563 in

178 1607 294 1681 magnis
308 1606 348 1662 ita
360 1605 391 1662 in
410 1604 512 1681 parvis,
527 1615 559 1663 ut
573 1606 604 1663 in
618 1605 719 1663 alienis
737 1605 777 1662 ita
795 1605 825 1662 in
840 1605 899 1664 suis
913 1607 1021 1682 agitare
1035 1605 1182 1664 iustitiam.

180 1703 259 1762 Nam
274 1704 392 1782 siparia
410 1712 540 1779 peccata,
554 1721 640 1779 pares
660 1703 747 1761 etiam
776 1703 886 1762 laudes.
928 1703 1030 1780 Itaque
1044 1705 1182 1763 omnibus

179 1803 306 1878 quidem,
322 1821 360 1861 ne
381 1803 447 1879 quis
468 1802 538 1861 mihi
561 1819 623 1860 non
647 1801 773 1860 donatus
795 1803 894 1874 abiret,
914 1812 1026 1878 partem
1047 1813 1181 1860 octavam

179 1902 261 1976 pretii
276 1920 335 1978 quo
351 1903 416 1978 quis
437 1911 547 1962 emerat
561 1899 717 1972 >concessi3
740 1900 845 1958 deinde
865 1901 899 1960 iis
919 1901 968 1977 qui
989 1901 1180 1977 amplissimas
1197 1919 1227 1954 ιο

178 2017 309 2058 summas
320 2001 517 2074 emptionibus
529 2007 742 2076 occupaverant
759 2001 914 2075 separatim
929 2000 1069 2060 consului.
1101 2000 1181 2059 Nam

178 2109 207 2157 et
221 2116 269 2156 me
283 2099 377 2173 magis
391 2099 522 2158 iuverant
536 2109 564 2158 et
577 2099 671 2156 maius
685 2097 741 2173 ipsi
755 2097 883 2157 fecerant
898 2099 1046 2158 damnum.
1089 2100 1181 2176 Igitur

178 2198 212 2255 iis
227 2197 277 2273 qui
290 2197 380 2273 pluris
394 2215 483 2274 quam
497 2198 600 2257 decem
618 2196 735 2254 milibus
754 2207 885 2256 emerant
904 2199 941 2256 ad
955 2199 1032 2256 illam
1047 2217 1181 2258 commu-

177 2315 247 2354 nem
260 2306 290 2354 et
304 2297 385 2371 quasi
405 2298 551 2372 publicam
571 2305 705 2355 octavam
722 2295 823 2354 addidi
844 2296 998 2356 decumam
1019 2299 1081 2356 eius
1100 2317 1181 2358 sum·

178 2412 253 2465 mae,
281 2413 339 2470 qua
368 2394 470 2454 decem
497 2396 576 2453 milia
608 2402 802 2453 excesserant.
857 2393 971 2453 Vereor
1004 2414 1042 2453 ne
1076 2415 1180 2473 pamm
1197 2424 1226 2472 15

177 2494 391 2567 expresserim;
437 2494 564 2570 apertius
599 2492 727 2551 calculos
762 2493 926 2551 ostendam.
989 2494 1070 2570 Siqui
1104 2495 1179 2554 sorte

177 2590 343 2665 quindecim
358 2590 473 2649 milibus
488 2600 627 2660 emerant,
642 2591 672 2648 hi
687 2601 715 2670 et
735 2591 902 2667 quindecim
921 2593 1032 2650 milium
1046 2602 1180 2652 octavam

177 2699 206 2746 et
240 2690 369 2765 quinque
403 2690 514 2747 milium
550 2689 694 2748 decimam
729 2690 862 2748 tulerunt.
914 2691 1074 2762 Praeterea,
1110 2710 1179 2749 cum

176 2796 342 2861 reputarem
356 2788 500 2863 quosdam
520 2807 557 2846 ex
576 2788 674 2846 debito
693 2787 881 2864 aliquantum,
897 2790 1041 2865 quosdam
1061 2789 1179 2866 aliquid,

176 2885 322 2961 quosdam
355 2886 427 2945 nihil
460 2887 635 2963 reposuisse,
662 2904 851 2962 nequaquam
878 2905 978 2945 verum
1013 2889 1178 2959 arbitrabar,
1196 2913 1227 2948 20

176 3003 252 3061 quos
274 3003 335 3043 non
357 2996 509 3060 aequasset
530 2987 603 3045 fides
625 2986 785 3056 solutionis,
801 2985 856 3044 hos
878 2987 1056 3062 benignitate
1077 2989 1178 3045 remis-

176 3085 266 3142 sionis
295 3085 421 3159 aequari.
474 3085 588 3144 Rursus
612 3103 685 3160 ergo
707 3084 742 3142 iis
767 3084 816 3159 qui
842 3085 988 3142 solverant
1013 3086 1074 3144 eius
1097 3087 1179 3160 quod

175 3183 319 3241 solverant
343 3183 486 3241 decimam
509 3184 617 3242 remisi.
667 3183 723 3240 Per
743 3182 800 3241 hoc
823 3183 901 3240 enim
926 3185 1073 3259 aptissime
1096 3195 1124 3243 et
1147 3186 1178 3243 in

173 3282 360 3358 praeteritum
375 3282 495 3357 singulis
514 3300 568 3357 pro
591 3283 731 3358 cuiusque
752 3281 856 3339 merito
871 3283 964 3357 gratia
977 3282 1083 3354 referri,
1098 3291 1127 3340 et
1147 3285 1178 3343 in

173 3378 300 3438 futurum
314 3397 419 3439 omnes
434 3399 503 3440 cum
518 3381 556 3438 ad
575 3381 733 3438 emendum
753 3390 815 3439 tum
837 3380 925 3436 etiam
947 3380 985 3438 ad
1006 3381 1177 3440 solvendum
1195 3404 1225 3453 ²5

174 3476 248 3536 allici
268 3478 446 3537 videbantur.
490 3478 603 3554 Magno
625 3478 696 3536 mihi
719 3496 771 3536 seu
790 3477 863 3536 ratio
887 3477 960 3536 haec
983 3497 1034 3538 seu
1055 3479 1178 3538 facilitas

172 3575 257 3648 stetit,
273 3577 325 3636 sed
338 3577 391 3636 fuit
404 3579 483 3638 tanti.
524 3576 603 3636 Nam
617 3577 737 3653 regione
751 3585 811 3635 tota
825 3584 855 3634 et
868 3576 981 3635 novitas
995 3578 1175 3638 remissionis
