2646 3914
194 169 213 231 6
454 183 475 230 A
501 183 700 232 suanorrorv
719 184 824 233 rivom
845 185 915 234 run

194 359 258 401 esse
284 340 591 428 hanc·philosophiae
618 352 647 401 et
674 343 792 419 quidem
821 343 1043 420 pulcherrimam
1070 350 1191 419 partem,

156 503 160 516 .
193 458 280 517 agere
299 441 449 516 negotium
470 441 628 516 publicum,
646 459 835 518 cognoscere,
855 443 989 516 iudicare,
1009 459 1143 519 promere
1163 449 1192 498 et

194 555 327 598 exercere
355 537 498 608 iustitiam,
528 555 660 614 quaeque
688 539 744 616 ipsi
775 540 899 599 doceant
930 541 961 598 in
991 558 1046 598 usu
1076 538 1192 597 habere.

195 636 270 696 Mihi
287 645 386 694 tamen
405 635 462 693 hoc
479 654 571 693 unum
590 654 651 694 non
667 639 831 713 persuadet,
848 640 936 698 satius
952 657 1015 698 esse
1029 639 1084 696 ista
1097 636 1193 694 facere

195 752 284 812 quarn
304 751 371 792 cum
390 731 438 791 illo
456 733 518 792 dies
535 743 614 792 totos
634 735 779 794 audiendo
798 737 996 813 discendoque
1011 751 1192 802 consumere.
1206 755 1239 803 40
1308 719 1312 728 ’

197 835 266 906 Quo
290 832 383 907 magis
408 840 444 903 te,
470 831 516 890 cui
541 841 632 904 vacat,
657 832 765 906 hortor,
787 852 855 892 curn
879 836 910 893 in
933 837 1036 893 urbem
1060 833 1193 909 proxime

194 932 308 991 veneris
323 929 434 1009 (venias
453 939 548 989 autem
569 932 608 988 ob
626 930 684 990 hoc
703 930 864 1011 maturius),
882 933 921 991 illi
939 943 968 992 te
986 931 1194 1008 expoliendum
1280 998 1282 1001 .
1313 879 1315 1028 i

194 1029 413 1104 limandumque
430 1029 587 1104 permittas.
630 1029 734 1108 Neque
749 1031 827 1088 enim
842 1048 908 1107 ego,
923 1040 955 1089 ut
971 1031 1062 1101 multi,
1077 1029 1192 1087 invideo
1314 1031 1315 1040 ’

194 1128 257 1187 aliis
284 1128 365 1186 bono
390 1144 450 1203 quo
478 1127 540 1203 ipse
569 1145 662 1199 careo,
692 1129 742 1186 sed
769 1138 872 1187 contra
899 1147 1018 1188 sensum
1046 1126 1193 1205 quendam
1310 1121 1315 1186 l

194 1226 430 1302 voluptatemque
451 1225 589 1301 percipio,
608 1227 631 1284 si
653 1244 782 1301 eaquae
803 1226 873 1284 mihi
894 1225 1075 1302 denegantur
1092 1225 1193 1284 amicis
1206 1233 1238 1282 45
1267 1287 1270 1292 ,
1314 1207 1315 1264 Ῠ

196 1324 280 1384 video
295 1341 452 1400 superesse.
497 1324 580 1384 Vale.
1314 1331 1315 1338 ’

528 1563 558 1619 ’1.
601 1557 730 1638 (BOOK
755 1578 780 1617 1.
806 1556 864 1638 ra.)

227 1695 299 1762 Pliny
309 1695 415 1746 laments
427 1695 468 1746 the
479 1695 530 1746 loss
540 1696 590 1746 and
601 1697 707 1746 admires
718 1698 760 1746 the
772 1697 891 1747 fortitude
903 1697 933 1747 of
940 1696 1062 1748 Corellius
1074 1697 1160 1754 Rufus,

321 1779 379 1828 who
390 1778 440 1826 had
452 1778 531 1827 ended
541 1777 580 1827 his
592 1779 718 1842 sufferings
729 1780 763 1842 by
774 1779 914 1830 abstinence
926 1780 989 1828 srom
1001 1780 1067 1829 iood.

406 1913 430 1954 C·
452 1913 564 1953 PLINIUS
585 1914 742 1977 CALESTRIO
764 1915 865 1956 TIRONI
885 1916 939 1956 SUO
960 1915 982 1956 S·

235 2027 379 2086 Iacturam
394 2026 595 2103 gravissimam
609 2026 672 2099 feci,
687 2027 711 2084 si
725 2027 834 2086 iactura
852 2027 974 2087 dicenda
993 2037 1037 2086 est
1055 2028 1125 2086 tanti
1139 2027 1193 2085 viri

195 2127 329 2186 amissio:
357 2125 482 2183 decessit
503 2123 645 2183 Corellius
666 2125 768 2196 Rufus,
789 2136 817 2184 et
838 2125 956 2203 quidem
978 2134 1091 2202 sponte,
1111 2125 1192 2203 quod

195 2225 328 2285 dolorem
349 2239 447 2280 meum
467 2222 619 2281 exulcerat.
661 2221 714 2281 Est
734 2224 812 2281 enim
832 2225 1076 2283 luctuosissimum
1097 2241 1192 2300 genus

195 2323 295 2382 mortis
318 2340 392 2398 quae
417 2339 479 2380 non
503 2339 540 2378 ex
565 2330 668 2380 natura
692 2341 746 2380 nec
771 2322 863 2381 fatalis
884 2324 1002 2381 videtur.
1045 2323 1124 2381 Nam
1146 2333 1191 2380 ut-

194 2439 320 2498 cumque
351 2420 381 2477 in
412 2419 467 2477 illis
498 2419 548 2494 qui
571 2420 687 2476 morbo
719 2420 855 2478 finiuntur
886 2439 1028 2497 magnum
1060 2439 1096 2479 ex
1128 2421 1220 2496 ipsas
1314 2427 1315 2494 l

194 2520 365 2578 necessitate
391 2517 531 2577 solacium
558 2527 611 2588 est,
637 2518 666 2574 in
694 2517 727 2575 iis
751 2537 820 2576 vero
845 2537 919 2595 quos
947 2519 1083 2578 arcessita
1111 2537 1191 2578 mors
1314 2495 1315 2538 ¹

194 2617 286 2677 aufert
314 2617 360 2675 bic
387 2616 554 2675 insanabilis
583 2616 666 2675 dolor
690 2626 742 2689 est,
772 2619 852 2694 quod
879 2619 1034 2678 creduntur
1061 2619 1190 2695 potuisse

195 2717 244 2776 diu
265 2717 369 2774 vivere.
410 2713 567 2773 Corellium
592 2713 710 2790 quidem
734 2735 849 2775 summa
873 2719 953 2790 ratio,
976 2736 1050 2794 quae
1075 2717 1191 2793 sapien-

194 2815 271 2874 tibus
305 2832 358 2890 pro
393 2814 564 2871 necessitate
599 2823 650 2887 est,
686 2814 723 2872 ad
761 2815 818 2874 boc
852 2817 1007 2875 consilium
1043 2815 1191 2891 compulit,

194 2931 373 2991 quamquam
407 2912 544 2990 plurimas
574 2912 688 2971 vivendi
719 2932 820 2974 causas
851 2915 1016 2986 habentem,
1049 2916 1191 2991 optimam
1208 2937 1241 2974 10

194 3013 412 3083 conscientiam,
448 3012 588 3088 optimam
630 3012 748 3086 famam,
787 3015 946 3073 maximam
981 3014 1190 3086 auctoritatem,

194 3121 345 3189 praeterea
379 3110 467 3169 filiam
500 3127 621 3169 uxorem
656 3122 795 3187 nepotem
830 3130 952 3183 sorores,
985 3112 1116 3188 interque
1148 3120 1192 3171 tot

195 3211 320 3288 pignora
343 3227 426 3268 veros
451 3209 569 3268 amicos.
614 3209 672 3268 Sed
699 3219 759 3269 tam
786 3211 882 3288 longa,
909 3223 969 3270 tam
994 3211 1092 3289 iniqua
1116 3211 1192 3269 vale·

194 3309 296 3368 tudine
320 3307 548 3388 conflictabatur,
572 3317 604 3366 ut
631 3307 703 3366 haec
728 3318 809 3367 tanta
832 3311 923 3385 pretia
948 3309 1061 3368 vivendi
1089 3311 1191 3369 mortis

194 3409 352 3468 rationibus
366 3407 553 3467 vincerentur.
596 3407 696 3467 Tertio
712 3419 740 3468 et
757 3409 921 3467 tricensimo
939 3427 1026 3480 anno,
1044 3420 1076 3468 ut
1094 3409 1191 3485 ipsum
1208 3432 1218 3466 r
1223 3433 1241 3482 5

196 3508 358 3582 audiebam,
385 3509 493 3588 pedum
522 3509 622 3568 dolore
651 3519 799 3584 correptus
828 3516 879 3566 est.
921 3505 1032 3566 Patrius
1059 3507 1106 3567 hic
1134 3509 1191 3568 illi:

195 3625 264 3668 nam
288 3609 458 3688 plerumque
482 3608 578 3668 morbi
602 3627 720 3688 quoque
747 3627 800 3686 per
823 3607 1023 3668 successiones
1048 3608 1193 3685 quasdam
