2662 3914
177 144 219 208 90
450 143 472 188 a
497 144 695 194 saracrron
713 146 817 196 raon
839 147 909 196 rua

176 298 280 358 similia
295 301 488 360 nascentibus
532 303 739 380 Respondebis
759 324 821 364 non
842 325 931 383 posse
952 308 1072 384 perinde
1093 325 1179 384 carp·

175 400 228 457 tim
248 409 280 457 ut
297 408 443 471 contexta,
456 401 577 476 perinde
593 402 731 462 inchoata
749 405 864 480 placere
884 415 916 464 ut
937 406 1050 465 effecta.
1093 405 1180 467 Scio:
1198 426 1231 476 25

175 502 274 577 itaque
301 508 331 557 et
359 517 376 556 a
400 518 452 558 me
472 502 699 561 aestimabuntur
721 514 754 560 ut
778 513 894 578 coepta,
917 507 1125 580 spectabuntur
1149 515 1182 564 ut

176 599 306 657 membra
334 607 551 676 extremamque
579 600 679 658 limam
708 609 788 659 tuam
811 603 999 678 opperientur
1020 603 1050 661 in
1074 603 1181 662 scrinio

176 705 287 755 nostro
337 696 440 754 Patere
465 697 522 755 hoc
549 715 596 754 me
625 716 713 773 super
740 707 838 756 cetera
865 699 972 758 habere
1001 702 1110 759 amoris
1137 702 1183 759 tui

176 796 291 870 pignus,
313 805 345 852 ut
369 813 404 852 ea
427 813 545 870 quoque
567 796 769 871 norim,.quae
794 815 883 856 nosse
908 800 1056 858 neminem
1083 799 1181 859 velles.

176 894 212 951 In
238 913 353 952 summa
374 903 478 968 potero
502 893 624 952 fortasse
649 895 757 969 scripta
780 905 830 952 tua
853 897 948 971 magis
972 898 1098 973 probare
1120 897 1182 956 lau·
1197 919 1233 968 30

176 995 252 1065 dare,
278 1003 389 1070 quanto
415 993 463 1050 illa
491 993 600 1052 tardius
628 995 808 1069 cautiusque,
832 994 885 1053 sed
907 996 1005 1072 ipsum
1034 1006 1063 1055 te
1087 997 1184 1071 magis

176 1093 283 1150 amabo
318 1093 472 1167 magisque
506 1090 645 1165 laudabo,
674 1102 784 1168 quanto
820 1094 941 1154 celerius
976 1103 1005 1154 et
1038 1096 1184 1155 incautius

179 1191 299 1248 miseris.
343 1189 426 1248 Vale.

513 1337 565 1392 ra
608 1329 786 1424 <nonna
811 1330 851 1410 a.)

168 1483 170 1489 ·
225 1461 297 1525 Pliny
314 1461 437 1511 describes
448 1462 490 1512 the
502 1479 589 1512 source
601 1463 630 1512 of
638 1464 680 1512 the
694 1464 842 1520 Clitumnus,
853 1464 886 1512 its
897 1464 990 1514 sudden
1002 1465 1139 1529 expansion

323 1545 376 1593 into
387 1561 402 1594 a
413 1545 485 1605 river,
496 1545 545 1595 aud
556 1547 598 1596 the
609 1546 708 1595 various
719 1546 866 1595 attractions
878 1546 908 1595 of
915 1547 957 1596 the
968 1554 1033 1612 spot.

473 1686 497 1727 C.
513 1684 626 1726 PLINIUS
647 1684 768 1726 Romano
789 1684 842 1725 SUO
863 1684 888 1725 S·

214 1796 360 1858 Vidistine
388 1798 545 1874 aliquando
575 1797 715 1857 Clitumni
739 1797 873 1857 fontem?
928 1798 959 1856 Si
982 1798 1117 1856 nondum
1140 1795 1186 1875 (et

176 1906 248 1972 puto
276 1897 429 1970 nondum;
466 1898 574 1973 alioqui
602 1914 753 1956 narrasses
779 1894 872 1972 mihi),
901 1899 977 1969 vide,
1007 1915 1096 1975 quern
1124 1915 1185 1972 ego

176 1993 319 2073 (paenitet
339 1994 493 2075 tarditatis)
515 1995 650 2072 proxime
671 1996 738 2054 vidi
790 1995 929 2055 Modicus
950 1997 1032 2056 collis
1053 1997 1186 2072 adsurgit

175 2096 295 2172 antiqua
319 2113 459 2172 cupresso
482 2113 657 2154 nemorosus
683 2105 713 2154 et
740 2112 868 2172 opacus:
901 2097 980 2156 hunc
1004 2097 1103 2154 subter
1124 2097 1185 2154 exit

104 2239 107 2247 .
176 2196 243 2255 lons
268 2206 297 2254 et
317 2196 487 2272 exprimitur
505 2196 636 2273 pluribus
657 2195 748 2266 venis,
769 2196 822 2254 sed
845 2196 1004 2272 inparibus,
1026 2195 1212 2268 eluctatus-5

175 2313 231 2370 que
259 2313 347 2371 quem
374 2294 444 2353 facit
471 2295 616 2370 gurgitem
644 2294 703 2354 lato
738 2295 854 2370 gremio
883 2295 1006 2370 patescit
1033 2309 1124 2371 purus
1153 2303 1184 2352 et

175 2395 289 2464 vitreus,
317 2405 349 2453 ut
377 2411 530 2452 numerare
557 2394 646 2452 iactas
682 2393 772 2468 stipes
807 2402 837 2450 et
864 2393 1026 2451 relucentes
1054 2391 1183 2451 calculos

175 2495 280 2568 possis.
321 2492 395 2551 Inde
424 2510 485 2551 non
508 2491 566 2550 loci
594 2491 764 2562 devexitate,
791 2491 844 2551 sed
873 2492 937 2567 ipsa
966 2491 1010 2550 sui
1038 2492 1125 2566 copia
1153 2499 1183 2549 et

176 2594 259 2667 quasi
285 2593 417 2669 pondere
444 2592 596 2667 inpellitur.
654 2589 735 2650 Fons
763 2591 859 2650 adhuc
891 2599 920 2649 et
951 2592 1010 2650 iam
1039 2589 1183 2666 amplissi-

175 2707 256 2748 mum
291 2691 401 2750 flumen
436 2701 524 2767 atque
555 2692 642 2749 etiam
670 2690 789 2749 navium
823 2690 948 2765 patiens,
976 2707 1050 2766 quas
1078 2688 1183 2748 obvias
1199 2717 1230 2753 ιο

176 2805 294 2864 quoque
323 2800 351 2848 et
375 2791 522 2849 contrario
544 2791 609 2848 nisu
633 2791 664 2847 in
692 2788 806 2847 diversa
833 2788 988 2848 tendentes
1016 2789 1183 2847 transmittit

175 2897 204 2946 et
226 2887 340 2964 perfert,
366 2889 441 2948 adeo
465 2890 585 2961 validm,
608 2899 641 2948 ut
664 2889 712 2946 illa
737 2897 959 2964 quaproperat
983 2889 1055 2964 ipse,
1078 2905 1182 2963 quam·

176 3005 265 3064 quam
284 3005 336 3064 per
357 2989 452 3047 solum
473 2990 603 3065 planum,
617 2990 705 3047 remis
726 3005 787 3046 non
808 2988 967 3056 adiuvetur,
981 2986 1061 3045 idem
1082 3003 1183 3062 aeger-

175 3088 248 3146 rime
262 3087 350 3146 remis
365 3087 517 3162 contisque
532 3097 683 3164 superetur
703 3086 847 3145 adversus.
890 3084 1058 3144 Iucundum
1071 3095 1183 3143 utrum·

176 3205 234 3262 que
256 3204 308 3262 per
328 3187 428 3244 iocum
452 3186 612 3262 ludumque
635 3186 822 3257 fluitantibus,
842 3195 874 3243 ut
897 3185 1030 3243 flexerint
1055 3201 1182 3254 cursum,
1198 3211 1227 3262 15

174 3285 306 3344 laborem
330 3286 400 3355 otio,
426 3284 520 3342 otium
542 3286 642 3342 labore
667 3286 783 3344 variare.
826 3283 922 3361 Ripae
944 3282 1060 3341 fraxino
1083 3282 1181 3354 multa,

175 3384 268 3442 multa
305 3384 416 3460 populo
451 3383 619 3454 vestiuntur,
656 3402 729 3460 quas
763 3383 934 3460 perspicuus
974 3383 1071 3440 amnis
1105 3381 1183 3440 velut

175 3499 286 3541 mersas
307 3483 391 3540 viridi
412 3482 540 3557 imagine
569 3481 749 3541 adnumerat.
803 3481 897 3556 Rigor
919 3499 1011 3556 aquae
1035 3480 1184 3540 certaverit

176 3581 300 3652 nivibus,
328 3600 383 3640 nec
412 3579 494 3641 color
520 3580 605 3640 cedit.
661 3580 785 3640 Adiacet
817 3579 959 3655 templum
995 3580 1125 3656 priscum
1153 3589 1183 3638 et
