2646 3914
204 140 248 220 46
475 157 497 203 A
522 155 717 205 aaraorronr
735 155 840 204 anon
860 155 930 204 rau

124 313 125 316 ’
207 315 333 391 primum
347 315 411 391 ipsa
429 316 610 392 pulchritudo
632 317 779 393 iungendi,
796 318 900 377 deinde
922 317 1002 393 quod
1023 334 1084 374 non
1105 317 1203 374 minus

206 414 274 472 utile
291 432 379 489 quarn
394 415 597 492 voluptuosum
619 434 705 492 posse
724 426 843 492 utraque
862 417 964 475 eadem
984 435 1081 492 opera,
1097 416 1227 480 eodem5

206 512 309 570 viatico
338 513 466 584 invisere,
495 515 549 571 sub
576 514 680 573 eodem
709 525 894 590 procuratore
922 533 956 574 ac
986 533 1079 590 paene
1108 514 1201 573 isdem

207 611 350 669 actoribus
384 612 499 681 habere,
527 631 616 670 unam
644 612 738 670 villam
767 612 860 671 colere
888 623 917 671 et
945 631 1054 683 ornare,
1083 612 1203 671 alteram

135 770 137 788 ι
206 719 317 767 tantum
333 711 412 768 tueri.
455 711 534 769 Inest
548 712 613 770 huic
628 712 837 787 computationi
858 722 991 788 sumptus
1010 712 1201 788 supellectilis,

207 818 339 884 sumptus
374 809 549 880 atriensium,
579 810 775 886 topiariorum,
811 809 957 868 fabrorum
992 821 1078 886 atque
1113 812 1200 868 etiam

206 907 344 964 venatorii
357 908 553 978 instrumenti;
580 925 654 982 quae
673 908 827 983 plurimum
847 907 932 967 refert
949 926 1040 966 unum
1058 909 1087 966 in
1102 908 1200 966 locum
1212 924 1243 958 10

206 1004 347 1076 conferas,
371 1024 409 1063 an
433 1007 464 1063 in
492 1007 602 1064 diversa
631 1007 788 1082 dispergas,
840 1007 951 1067 Contra
975 1025 1074 1065 vereor
1103 1025 1139 1064 ne
1165 1007 1201 1064 sit

205 1105 352 1162 incautum
366 1123 428 1162 rem
443 1115 502 1162 tam
516 1123 653 1181 magnam
671 1107 763 1164 isdem
778 1106 1004 1182 tempestatibus
1019 1106 1112 1163 isdem
1127 1106 1200 1164 casi-

205 1203 260 1261 bus
283 1203 423 1260 subdere:
457 1204 546 1262 tutius
568 1204 678 1262 videtur
699 1205 808 1262 incerta
829 1205 958 1263 fortunae
979 1205 1198 1280 possessionum

205 1301 386 1359 varietatibus
401 1302 531 1376 experiri.
575 1301 674 1360 Habet
692 1303 778 1360 etiam
798 1303 920 1360 multum
941 1303 1124 1361 iucunditatis
1146 1303 1199 1361 soli

205 1398 334 1473 caelique
362 1399 482 1457 mutatio
496 1399 616 1476 ipsaque
644 1400 691 1458 illa
713 1402 906 1476 peregrinatio
929 1401 1001 1459 inter
1024 1419 1084 1460 sua.
1135 1402 1197 1459 Iam
1212 1417 1241 1464 Ι5

206 1496 286 1572 quod
314 1496 527 1556 deliberationis
562 1508 678 1557 nostrae
713 1509 800 1576 caput
828 1511 880 1570 est,
909 1502 970 1576 agri
999 1511 1065 1559 sunt
1093 1499 1200 1560 fertiles

204 1597 330 1672 pingues
344 1599 455 1673 aquosi,
470 1608 604 1658 coustant
619 1600 730 1675 campis
745 1601 834 1658 vineis
855 1601 938 1671 silvis,
954 1618 1028 1676 quae
1050 1601 1199 1659 materiam

205 1705 284 1753 etex
301 1713 336 1753 ea
356 1695 478 1755 reditum
497 1697 570 1754 sicut
591 1698 737 1756 modicum
759 1700 798 1756 ita
819 1707 924 1756 statum
946 1708 1098 1774 praestant
1142 1697 1200 1756 Sed

205 1793 277 1852 haec
304 1793 424 1853 felicitas
451 1805 541 1853 terrae
570 1796 709 1854 inbecillis
737 1797 893 1855 cultoribus
921 1796 1064 1871 fatigatur.
1121 1796 1199 1854 Nam

205 1909 358 1968 possessor
386 1893 464 1968 prior
492 1893 606 1968 saepius
631 1894 758 1951 vendidit
786 1895 917 1970 pignora,
943 1906 972 1952 et
997 1895 1065 1952 dum
1090 1895 1199 1971 reliqua
1212 1919 1243 1953 20
1312 1949 1313 1956 ,

206 1991 378 2049 colonorum
403 1991 506 2048 minuit
529 1991 566 2048 ad
593 2002 716 2068 ternpus
740 1993 813 2051 vires
835 1994 864 2050 in
888 2003 1036 2068 posterum
1061 1993 1199 2064 exhausit,

205 2107 327 2165 quarum
355 2088 517 2146 defectione
544 2107 640 2148 rursus
671 2091 779 2166 reliqua
813 2103 970 2150 creverunt.
1027 2090 1100 2149 Sunt
1128 2110 1199 2167 ergo

200 2189 363 2248 'instruendi
386 2206 423 2246 eo
445 2189 542 2264 pluris,
565 2190 644 2265 quod
669 2189 743 2267 frugi
767 2192 936 2266 mancipiis:
965 2208 1034 2248 nam
1058 2211 1112 2250 nec
1136 2193 1199 2267 ipse

204 2305 327 2363 usquam
343 2286 454 2345 vinctos
468 2286 562 2346 habeo
582 2307 636 2346 nec
657 2289 696 2346 ibi
715 2291 876 2365 quisquam.
918 2289 1054 2365 Superest
1074 2301 1106 2348 ut
1124 2291 1198 2348 scias

205 2388 303 2462 quanti
318 2386 467 2444 videantur
488 2404 574 2463 posse
596 2388 668 2446 emi:
701 2389 830 2446 sestertio
851 2387 953 2458 tricies,
969 2406 1030 2446 non
1049 2389 1116 2462 quia
1137 2405 1196 2445 non
1212 2409 1240 2456 ²5
1312 2381 1313 2454 l

205 2485 360 2560 aliquando
379 2485 570 2560 quinquagies
589 2485 702 2556 fuerint,
716 2504 814 2544 verum
836 2495 864 2543 et
885 2486 939 2544 hac
961 2487 1098 2562 paenuria
1118 2487 1199 2544 colo·
1312 2559 1313 2566 ἵ

205 2600 310 2640 norum
335 2592 363 2640 et
390 2583 537 2650 communi
558 2584 695 2658 temporis
716 2584 863 2659 iniquitate
885 2595 915 2643 ut
936 2585 1041 2643 reditus
1062 2602 1197 2662 agrorum
1312 2585 1313 2634 l

206 2681 247 2738 sic
261 2682 344 2739 etiam
360 2681 481 2755 pretium
496 2690 571 2738 retro
586 2681 660 2738 abiit.
705 2682 827 2753 Quaeris
846 2703 884 2742 an
906 2683 964 2741 hoc
989 2685 1083 2759 ipsum
1103 2685 1196 2742 tricies
1312 2679 1313 2682 '

205 2779 288 2838 facile
303 2778 435 2854 colligere
453 2780 616 2855 possimus?
642 2798 706 2838 sum
726 2782 843 2856 quidem
864 2801 956 2858 prope
975 2793 1053 2841 totus
1067 2783 1097 2839 in
1112 2801 1194 2859 prae·

206 2879 268 2948 diis,
282 2876 388 2952 aliquid
402 2887 500 2935 tamen
519 2876 626 2948 fenero,
642 2895 696 2936 nec
715 2879 868 2937 molestum
883 2882 934 2938 erit
952 2882 1093 2954 mutuari;
1123 2882 1196 2940 acci·
1209 2899 1239 2946 30

204 2978 316 3054 piama
335 2993 428 3046 socru,
443 2976 523 3034 cuius
542 2995 608 3034 arca
627 2994 687 3034 non
709 2996 792 3036 secus
813 2998 846 3039 ac
868 2999 934 3039 mea
955 2993 1028 3040 utor.
1070 2980 1196 3038 Proinde

203 3075 261 3134 hoc
286 3085 313 3133 te
335 3093 396 3133 non
417 3086 539 3146 moveat,
561 3078 584 3135 si
606 3086 700 3135 cetera
723 3096 782 3136 non
807 3078 992 3155 refragantur,
1016 3098 1089 3156 quae
1112 3080 1196 3138 velim

204 3194 291 3251 quam
321 3175 535 3251 diligentissime
566 3177 721 3234 examines.
783 3155 861 3235 N'am
896 3197 961 3236 cum
996 3179 1026 3235 in
1061 3181 1197 3239 omnibus

202 3273 288 3334 rebu's
303 3285 363 3333 tum
378 3276 407 3332 in
422 3275 609 3350 disponendis
631 3275 810 3334 facultatibus
831 3277 983 3352 plurimum
1006 3278 1056 3335 tibi
1078 3287 1106 3335 et
1126 3297 1196 3337 usus

203 3381 231 3430 et
244 3373 439 3450 providentiae
455 3381 592 3448 superest.
634 3372 725 3432 Vale.'
1207 3386 1238 3436 35
1312 3391 1313 3398 ’
