2646 3914
439 165 462 215 A
488 167 686 218 SELECTION
704 170 806 218 FROM
829 169 899 218 THE

488 478 538 533 ra.
581 471 710 552 (soor
734 490 760 530 2.
786 468 843 548 10.)

166 613 306 687 Plinybegs
318 618 436 670 Octavius
447 621 526 671 Rusus
538 628 564 671 to
576 622 668 671 collect
676 621 726 669 and
735 619 842 685 publish,
851 635 879 669 or
890 627 917 668 at
928 635 976 684 any
985 625 1037 668 rate
1049 626 1076 669 to
1084 620 1168 681 recite,

594 705 633 754 his
644 721 738 769 poems.

459 841 486 883 C.-
505 839 618 882 PLINIUS
639 840 764 882 OCTAVIO
785 839 838 881 SUO
859 839 881 880 S.

209 943 371 1013 Hominem
386 964 414 1014 te
429 955 587 1031 patientem
601 955 647 1013 vel
661 956 757 1031 potius
778 954 882 1012 durum
899 971 933 1011 ae
952 969 1047 1028 paene
1066 948 1167 1008 crude-

165 1045 233 1120 lem,
249 1051 298 1127 qui
312 1061 372 1112 tarn
391 1055 521 1130 insignes
542 1054 631 1113 libros
650 1052 778 1112 tamdiu
798 1053 917 1111 teneasl
960 1049 1124 1126 Quousque
1140 1058 1168 1108 et

114 1149 117 1156 '
167 1147 220 1206 tibi
241 1159 270 1208 et
291 1152 376 1210 nobis
398 1152 547 1223 invidebis,
567 1153 618 1211 tibi
639 1151 768 1210 maxima
788 1150 880 1221 laude,
900 1148 986 1208 nobis
1000 1147 1168 1223 voluptate?

169 1242 239 1304 Sine
268 1265 397 1323 perora
424 1249 578 1308 hominum
605 1249 733 1309 ferantur
754 1248 906 1324 isdemque
935 1247 1039 1323 quibus
1067 1246 1168 1321 lingua

168 1337 307 1407 Romana
326 1349 425 1425 spatiis
439 1360 640 1426 pervagentur.
684 1344 796 1423 Magna
813 1357 840 1405 et
854 1347 913 1404 iam
926 1346 1016 1420 longa
1032 1354 1168 1420 expecta·
1182 1364 1198 1414 5

167 1443 210 1501 tio
230 1454 283 1514 est,
298 1464 387 1522 quam
408 1446 535 1508 frustrari
557 1448 652 1506 adhuc
671 1457 699 1506 et
715 1446 829 1505 differre
850 1462 912 1503 non
933 1445 1031 1503 debes.
1073 1441 1168 1500 Enot-

105 1537 112 1550 '
167 1553 273 1601 uerunt
288 1545 406 1622 quidam
420 1548 461 1604 tui
476 1561 574 1606 versus
588 1558 616 1606 et
631 1545 720 1604 invito
734 1555 763 1603 te
777 1544 900 1602 claustra
915 1560 968 1601 sua
981 1541 1168 1618 refregerunt.

168 1633 236 1699 Hos
258 1643 314 1701 nisi
334 1643 453 1703 retrahis
472 1644 502 1703 in
523 1660 636 1722 corpus,
652 1644 830 1723 quandoque
851 1651 883 1700 ut
902 1658 1019 1700 errones
1040 1639 1169 1715 aliquem

86 1777 91 1784 .
168 1739 249 1798 cuius
264 1740 395 1800 dicantur
408 1743 563 1802 invenient.
607 1737 695 1801 Habe
714 1752 781 1801 ante
801 1741 902 1800 oculos
921 1739 1135 1809 mortalitatem,
1151 1755 1170 1794 a

166 1857 226 1914 qua
254 1839 385 1900 adserere
408 1849 436 1900 te
460 1840 518 1900 hoc
541 1860 602 1900 uno
627 1843 811 1898 monimento
836 1849 941 1916 potes:
974 1856 1044 1897 nam
1072 1847 1169 1898 cetera
1186 1864 1218 1899 10

167 1935 280 2012 fragilia
301 1948 329 1997 et
350 1938 462 1998 caduca
483 1957 545 1996 non
566 1939 663 1997 minus
684 1956 774 2016 quam
795 1938 851 2014 ipsi
872 1937 1007 1997 homines
1028 1935 1169 1996 occidunt

170 2035 372 2114 desinuntque.
415 2033 513 2109 Dices,
535 2045 567 2096 ut
588 2039 674 2109 soles,
696 2038 798 2097 ‘amici
819 2039 877 2096 mei
895 2037 1017 2096 viderint
1026 2037 1042 2095 ’.
1085 2035 1169 2113 Opto

168 2136 305 2213 equidem
320 2137 430 2196 amicos
446 2136 497 2194 tibi
508 2146 567 2194 tam
583 2136 690 2209 fideles,
702 2145 762 2194 tam
777 2136 913 2207 eruditos,
925 2147 985 2194 tam
995 2135 1169 2206 laboriosos

167 2244 200 2294 ut
213 2244 326 2295 tantum
340 2253 426 2294 curae
445 2235 675 2312 intentionisque
694 2237 839 2314 suscipere
858 2244 887 2295 et
900 2236 1014 2312 possint
1029 2243 1058 2292 et
1071 2234 1169 2293 velint.

170 2333 229 2393 Sed
244 2334 354 2412 dispice
368 2353 405 2393 ne
425 2335 461 2394 sit
474 2353 577 2412 parum
591 2335 744 2411 providum
759 2354 874 2412 sperare
894 2355 931 2394 ex
946 2335 1007 2395 aliis
1022 2334 1103 2411 quod
1117 2333 1169 2392 tibi
1186 2354 1216 2404 15

167 2433 230 2509 ipse
247 2452 310 2492 non
328 2443 464 2510 praestes
506 2432 545 2491 Et
563 2432 599 2491 de
616 2434 743 2493 editione
759 2435 877 2512 quidem
891 2434 1006 2491 interim
1021 2444 1053 2491 ut
1067 2433 1167 2492 voles:

167 2531 257 2589 recita
276 2531 385 2603 saltem,
400 2549 460 2607 quo
475 2530 569 2607 magis
582 2530 670 2589 libeat
684 2532 822 2605 emittere,
838 2541 926 2609 utque
940 2531 1060 2590 tandem
1074 2531 1170 2610 perci·

168 2630 232 2707 pias
246 2629 393 2706 gaudium,
408 2629 489 2706 quod
508 2647 565 2705 ego
585 2628 655 2687 olim
668 2649 723 2706 pro
741 2641 769 2689 te
790 2649 852 2690 non
873 2640 981 2690 temere
1001 2649 1169 2707 praesumo.

169 2725 320 2804 Imaginor
333 2728 412 2786 enirn
426 2727 475 2805 qui
490 2745 658 2798 concursus,
674 2747 748 2804 quae
763 2730 914 2788 admiratio
929 2739 965 2800 te,
982 2729 1031 2805 qui
1047 2730 1169 2801 elamor,

169 2827 350 2904 quodetiam
366 2826 510 2884 silentium
524 2835 658 2897 maneat;
681 2844 740 2903 quo
759 2845 825 2902 ego,
841 2845 907 2884 cum
928 2827 994 2885 dico
1010 2827 1054 2884 vel
1069 2828 1168 2898 recito,
1187 2849 1220 2884 πο

168 2943 231 2985 non
252 2925 349 2983 minus
370 2942 458 3002 quam
478 2925 605 2983 clamore
623 2924 758 2996 delector,
775 2926 810 2982 sit
829 2925 920 2983 modo
939 2926 1083 2984 silentium
1103 2944 1170 2985 acre

169 3035 199 3084 et
227 3023 369 3083 intentum
398 3032 426 3082 et
453 3022 594 3099 cupidum
621 3023 757 3082 ulteriora
787 3023 932 3082 audiendi.
976 3022 1046 3081 Hoc
1075 3022 1171 3083 fructu

169 3133 260 3195 tanto,
286 3131 346 3180 tam
370 3131 471 3198 parato
501 3121 601 3180 desine
630 3123 725 3181 studia
754 3132 803 3180 tua
830 3122 941 3180 infinita
969 3122 1022 3178 ista
1051 3132 1171 3180 cuncta·
1211 3097 1221 3130 ³

172 3222 250 3281 tione
284 3220 435 3294 fraudare3
478 3238 553 3297 quae
588 3239 656 3279 cum
690 3221 813 3279 modum
852 3218 975 3289 excedit,
1009 3218 1172 3277 verendum

172 3330 216 3379 est
244 3339 281 3378 ne
308 3303 428 3378 inertiae
461 3327 489 3378 et
518 3317 645 3378 desidiae
673 3319 717 3378 vel
752 3320 839 3378 etiam
872 3316 1030 3375 timiditatis
1045 3327 1172 3374 'nomen
1190 3341 1219 3392 ²5
1306 3317 1307 3352 l

171 3418 302 3496 accipiat.
344 3417 427 3476 Vale.
