2662 3914
213 150 375 199 LETTERS
399 151 442 199 OE
465 151 494 204 C.
509 149 657 198 PLINIUS
679 145 865 197 CAECILIUS
885 150 1075 203 SECUNDUS.
1107 153 1148 220 97

147 307 399 368 modestissimum
427 309 582 380 adiectum,
611 327 684 385 quas
713 305 865 368 contentas
893 327 957 368 esse
990 311 1149 372 admonere

99 417 133 465 80
148 416 284 466 senatum
312 408 424 467 Publici
453 407 532 468 Certi
564 416 698 466 cruentae
733 407 906 466 adulationis
933 418 962 466 et
989 419 1095 485 petere,
1125 413 1149 470 si

148 523 247 582 poena
274 506 374 582 flagitii
402 505 626 564 manifestissimi
662 506 828 576 remittatur,
857 515 928 562 nota
962 518 1038 567 certe
1066 513 1149 586 quasi

148 605 284 662 censoria
304 605 440 662 inuratur.
474 603 554 663 Tum
577 604 685 662 Satrius
710 603 805 662 Rufus
829 604 927 663 medio
953 585 1150 685 ambiguoque

149 723 286 763 sermone
317 702 421 781 ‘puto'
451 704 545 781 inquit
579 703 730 762 ‘iniuriam
759 703 866 762 laetam
893 701 1023 762 Publicio
1053 705 1149 778 Cert0,

150 804 175 860 si
208 821 270 862 non
299 803 472 861 absolvitur:
513 803 679 860 nominatus
714 810 758 858 est
793 802 830 858 ab
865 801 966 859 amicis
994 802 1094 862 Arriae
1122 814 1151 862 et

101 907 135 968 85
149 900 290 971 Fanniae,
312 903 479 960 nominatus
499 903 536 959 ab
557 901 657 959 amicis
679 901 746 958 suis.
788 899 853 958 Nec
874 899 1014 958 debemus
1039 902 1151 961 solliciti

150 1017 232 1056 esse:
262 999 352 1057 iidem
374 1001 453 1058 enim
476 1019 540 1072 nos,
562 1001 612 1076 qui
636 1002 713 1058 bene
738 999 878 1057 sentimus
903 999 939 1056 de
967 1000 1096 1072 homine,
1122 1011 1151 1058 et

149 1098 310 1156 iudicaturi
329 1116 445 1157 sumus:
476 1100 500 1157 si
521 1099 664 1157 innocens
685 1107 738 1168 est,
764 1099 837 1156 sicut
858 1107 886 1155 et
912 1114 998 1172 spero
1019 1107 1048 1156 et
1072 1100 1150 1157 malo

151 1206 189 1266 et,
205 1196 300 1255 donec
314 1197 422 1274 aliquid
437 1199 584 1274 probetur,
600 1197 698 1267 cred0,
712 1196 842 1272 poteritis
857 1196 1022 1255 absolvere!
1065 1195 1150 1255 Haec
1200 1230 1202 1234 .

150 1295 200 1365 illi,
222 1314 282 1372 quo
303 1299 426 1373 quisque
447 1297 548 1356 ordine
570 1298 738 1355 citabantur.
780 1294 904 1354 Venitur
926 1295 963 1354 ad
985 1313 1050 1354 me:
1079 1315 1150 1354 con-

103 1418 137 1468 90
151 1411 251 1468 surgo,
279 1405 346 1453 utor
372 1396 453 1453 initio
482 1396 561 1472 quod
588 1396 618 1452 in
647 1395 719 1454 libro
747 1404 800 1465 est,
828 1395 993 1470 respondeo
1023 1395 1150 1471 singulis.

152 1493 261 1551 Mirum
281 1512 340 1570 qua
358 1496 527 1566 intentione,
543 1497 649 1570 quibus
671 1493 844 1553 clamoribus
865 1495 965 1551 omnia
986 1496 1152 1570 exceperint

152 1592 203 1666 qui
225 1593 315 1650 modo
338 1593 550 1651 reclamabant:
580 1601 659 1650 tanta
681 1591 832 1650 conversio
857 1590 901 1648 vel
926 1592 1035 1667 negotii
1058 1592 1151 1669 digni-

151 1700 243 1748 tatem
278 1692 322 1749 vel
356 1702 530 1768 proventum
565 1690 702 1749 orationis
737 1689 781 1747 vel
818 1689 922 1774 actoris
957 1691 1151 1749 constantiam

152 1789 307 1847 subsecuta
331 1799 382 1848 est.
433 1790 535 1848 Finio:
568 1790 668 1866 incipit
685 1785 866 1864 'respondere
887 1786 1029 1847 Veiento:
1062 1807 1151 1848 nemo

104 1909 137 1958 95
153 1887 278 1963 patitur:
315 1889 492 1959 obturbatur,
521 1889 704 1965 obstrepitur,
732 1887 806 1946 adeo
833 1887 951 1963 quidem
984 1897 1015 1945 ut
1043 1887 1152 1948 diceret

154 1992 252 2062 ‘rog0,
278 1997 374 2064 patres
398 1988 563 2065 conscripti,
585 2006 691 2046 neme
715 1986 826 2062 cogatis
848 1983 992 2062 inplorare
1014 1987 1152 2046 auxilium

153 2086 352 2143 tribunorum!
407 2085 445 2144 Et
473 2087 569 2144 statim
597 2085 721 2143 Murena
749 2084 880 2142 tribunus
908 2085 1063 2160 ‘permitto
1092 2086 1151 2158 tibi,

153 2185 195 2241 vir
220 2184 377 2242 clarissime
400 2183 535 2254 Veiento,
561 2183 674 2242 dicere?
716 2181 803 2240 Tunc
828 2199 945 2258 quoque
973 2183 1150 2242 reclamatur.

153 2281 233 2340 Inter
253 2300 350 2340 moras
370 2282 471 2340 consul
493 2283 584 2340 citatis
606 2281 772 2339 nominibus
793 2289 822 2338 et
840 2289 957 2356 peracta
976 2279 1152 2340 discessione

90 2403 140 2437 100
153 2382 239 2439 mittit
274 2391 405 2440 senatum
441 2401 475 2440 ac
504 2374 599 2457 paene
626 2380 721 2439 adhuc
752 2387 876 2437 stantem
903 2386 1153 2456 temptantemque

154 2479 249 2538 dicere
261 2479 456 2540 Veientonem
470 2481 591 2556 reliquit
634 2478 761 2537 Multum
775 2478 822 2536 ille
836 2477 872 2536 de
886 2477 941 2536 hac
957 2474 1008 2557 (ita
1018 2479 1152 2559 vocabat)

153 2578 331 2637 contumelia
353 2589 473 2656 questus
495 2587 539 2636 est
561 2576 721 2637 Homerico
742 2594 826 2635 versu

297 2679 317 2733 ὦ
337 2679 423 2752 γέρον,
443 2678 458 2748 ἦ
479 2681 551 2748 μάλα
571 2677 601 2748 δή
624 2701 655 2734 σε
676 2677 727 2732 νέοι
747 2678 861 2749 τείρουσι
881 2673 1000 2747 μαχηταί.

155 2775 227 2834 Non
255 2775 313 2834 fere
343 2777 497 2854 quisquam
525 2776 556 2833 in
591 2785 694 2834 senatu
725 2775 785 2845 fuit,
815 2775 864 2849 qui
897 2791 958 2830 non
992 2792 1040 2832 me
1076 2793 1154 2833 com·

93 2892 141 2943 105
155 2875 334 2952 plecteretur,
349 2874 563 2932 exoscularetur
582 2874 769 2950 certatimque
788 2872 872 2930 laude
892 2871 1058 2942 cumularet,
1073 2874 1154 2948 quod

155 2975 350 3032 intermissum
364 2974 422 3031 iam
436 2973 486 3032 diu
499 2991 612 3031 morem
622 2973 653 3030 in
664 2972 812 3048 publicum
827 2969 997 3029 consulendi
1012 2972 1153 3046 susceptis

155 3072 279 3147 propriis
314 3071 504 3130 simultatibus
539 3071 728 3140 reduxissem,
756 3069 837 3145 quod
867 3068 993 3144 denique
1021 3079 1153 3127 senatum

156 3170 263 3228 invidia
287 3169 465 3241 liberassem,
485 3187 543 3245 qua
564 3168 705 3244 flagrabat
726 3167 804 3242 apud
830 3168 946 3226 ordines
969 3166 1048 3236 alioS,
1074 3169 1154 3242 quod

137 3285 272 3331 ⁸severus
301 3268 331 3324 in
360 3278 472 3326 ceteros
502 3268 691 3338 senatoribus,
712 3265 780 3324 solis
809 3264 1036 3324 dissimulatione
1071 3266 1154 3340 quasi

93 3394 142 3429 110
155 3375 257 3426 mutua
277 3376 415 3441 parceret.
458 3365 543 3423 Haec
563 3374 626 3423 acta
647 3374 714 3422 sunt
735 3363 854 3423 absente
874 3362 981 3421 Certo:
1005 3361 1056 3419 fuit
1075 3364 1154 3422 enim

156 3483 207 3523 seu
235 3465 292 3523 tale
320 3464 428 3540 aliquid
451 3464 611 3540 suspicatus
636 3463 704 3534 sive,
729 3471 761 3520 ut
788 3462 986 3529 excusabatur,
1014 3459 1152 3522 infirmus.

156 3565 194 3624 Et
226 3565 397 3624 relationem
432 3564 550 3641 quidem
585 3562 622 3621 de
654 3579 690 3620 eo
719 3559 827 3622 Caesar
861 3559 898 3618 ad
932 3568 1064 3618 senatum
1092 3580 1153 3620 non

654 3679 674 3718 u
