2646 3914
192 135 350 185 LETTERS
373 137 417 186 OF
440 139 469 188 C.
486 138 631 186 PLINIUS
653 136 838 186 CAECILIUS
859 137 1050 187 SECUNDUS.
1088 138 1130 208 47

461 365 512 419 34.
555 358 684 439 (ΒοοΚ
707 378 733 434 3.
756 357 816 438 πο.)

169 484 241 551 Pliny
260 489 347 539 relatcs
365 490 426 539 with
443 506 511 539 some
534 491 711 555 apprehension
732 491 778 539 the
798 490 890 540 sudden
914 491 1032 555 adoption
1050 490 1080 539 os
1092 491 1134 540 the

135 567 216 617 ballot
233 569 266 633 by
283 572 325 620 the
342 579 424 622 senate
441 572 465 621 in
482 573 525 622 the
543 573 647 622 election
665 573 694 622 of
711 573 873 637 magistrates,
892 573 940 622 and
956 589 1079 637 expresses
1096 574 1134 622 his

136 651 302 712 gratification
322 662 348 704 at
365 655 457 719 having
476 655 554 704 found
574 655 714 719 something
731 657 761 704 os
776 655 888 720 political
906 657 1005 706 interest
1021 664 1048 705 to
1065 657 1134 706 write

137 734 223 792 about,
234 751 294 786 even
306 737 383 787 under
394 753 425 788 an
436 738 549 802 imperial
561 739 660 803 regime.

369 875 394 916 c.
415 875 527 916 animus
548 876 647 918 uassro
669 876 784 918 uxmuo
804 877 857 918 suo
878 877 899 918 s
950 909 952 914 s
1028 869 1030 882 '

180 983 376 1049 Meministine
398 999 427 1050 te
448 1009 535 1068 saepe
555 990 670 1068 legisse,
691 1003 814 1068 quantas
836 993 1036 1050 contentiones
1058 993 1135 1050 exci-

136 1086 203 1143 tarit
230 1087 276 1144 lex
304 1089 450 1147 tabellaria
477 1098 674 1166 quantumque
701 1091 756 1166 ipsi
784 1091 867 1148 latori
894 1092 941 1149 vel.
961 1092 1069 1168 gloriae
1090 1091 1135 1148 vel

138 1184 371 1258 reprehensionis
385 1187 527 1246 attulerit?
568 1187 608 1245 At
623 1189 744 1245 nuncin
760 1199 863 1247 senatu
877 1190 938 1247 sine
953 1191 1011 1247 ulla
1026 1190 1136 1258 dissen-

139 1283 222 1340 sione
237 1282 293 1342 hoc
307 1284 385 1343 idem
399 1297 430 1342 ut
449 1286 593 1362 optimum
611 1287 736 1362 placuit:
763 1305 865 1346 omnes
887 1289 1070 1346 comitiorum
1090 1287 1136 1344 die

115 1381 259 1444 stabellas
283 1383 507 1458 postulaverunt.
554 1383 780 1443 Excesseramus
805 1404 876 1444 sane
900 1386 1061 1445 manifestis
1083 1385 1136 1442 illis

140 1481 303 1557 apertisque
338 1483 479 1558 suffragiis
513 1483 658 1550 licentiam
686 1485 866 1543 contionum.
922 1485 993 1542 Non
1021 1497 1137 1560 tempus

140 1578 288 1654 loquendi,
309 1598 372 1638 non
394 1581 508 1639 tacendi
531 1582 682 1652 modestia,
704 1599 766 1639 non
787 1581 912 1658 denique
933 1583 1054 1641 sedendi
1076 1583 1138 1669 dig-

140 1677 216 1735 nitas
240 1678 460 1737 custodiebatur.
513 1679 615 1754 Magni
639 1679 768 1754 undique
793 1679 959 1756 dissonique
987 1681 1137 1749 clamores,

103 1809 105 1813 ,
141 1776 348 1852 procurrebant
371 1795 474 1835 omnes
498 1796 564 1835 cum
586 1777 644 1836 suis
669 1777 837 1845 candidatis,
858 1778 948 1836 multa
970 1779 1087 1854 agmina
1108 1779 1138 1835 in

101 1902 132 1937 ιο
142 1875 240 1933 medio
254 1875 392 1951 multique
407 1876 506 1934 circuli
525 1887 554 1935 et
571 1876 710 1934 indecora
725 1875 858 1935 conlusio
869 1895 887 1936 :¹
904 1876 978 1935 adeo
996 1877 1138 1935 desciver-

143 1990 259 2032 amusa
278 1974 485 2032 consuetudine
507 1984 666 2051 parentum,
682 1972 759 2050 apud
780 1991 855 2050 quos
877 1975 977 2032 omnia
998 1974 1140 2051 disposita

143 2068 294 2130 m'oderata
308 2072 461 2148 tranquilla
475 2073 655 2130 maiestatem
673 2072 729 2130 loci
749 2073 949 2150 pudoremque
971 2075 1140 2132 retinebant.

145 2169 306 2246 Supersunt
334 2188 427 2241 senes,
455 2189 492 2229 ex
521 2171 626 2246 quibus
655 2171 754 2228 audire
783 2171 863 2229 soleo
895 2170 972 2230 hunc
1008 2171 1139 2229 ordinem

144 2270 347 2328 comitiorum:
382 2270 468 2328 citato
493 2269 612 2327 nomine
637 2269 784 2327 candidati
807 2269 950 2327 silentium
975 2287 1139 2340 summum;

100 2391 132 2440 15
144 2367 259 2426 dicebat
278 2368 340 2444 ipse
361 2385 415 2444 pro
437 2385 476 2438 se,
492 2367 655 2443 explicabat
669 2367 755 2424 vitam
777 2384 868 2437 suam,
883 2376 970 2426 testes
992 2377 1020 2425 et
1041 2367 1141 2425 lauda·

144 2477 223 2524 tores
237 2465 324 2524 dabat
337 2467 383 2524 vel
403 2482 470 2524 eum
492 2465 545 2523 sub
560 2483 619 2542 quo
640 2465 806 2522 militaverat
820 2465 863 2522 vel
884 2483 950 2523 eum
972 2466 1018 2523 cui
1039 2484 1140 2541 quaes-

145 2576 191 2621 tor
214 2562 305 2622 luerat
328 2565 372 2622 vel
400 2575 562 2640 utrumque,
588 2564 611 2621 si
635 2572 757 2639 poterat,
781 2561 905 2620 addebat
934 2564 1075 2639 quosdam
1105 2583 1141 2622 ex

145 2659 400 2737 suffragatoribus:
435 2662 474 2719 illi
501 2661 624 2738 graviter
651 2671 679 2719 et
703 2661 803 2737 paucis
831 2660 1030 2736 loquebantur.
1073 2660 1143 2718 Plus

144 2759 204 2818 hoc
218 2778 306 2836 quam
323 2779 424 2836 preces
443 2762 587 2835 proderat.
630 2758 701 2816 Non
723 2777 882 2835 numquam
904 2760 1073 2818 candidatus
1093 2766 1143 2819 aut

101 2881 135 2918 20
146 2857 256 2916 natales
284 2858 481 2936 competitoris
505 2867 554 2915 aut
579 2875 671 2915 annos
697 2867 745 2915 aut
769 2858 856 2916 etiam
877 2875 974 2916 mores
996 2840 1141 2936 arguebat.

146 2957 293 3016 Audiebat
323 2969 440 3015 senatus
476 2957 613 3032 gravitate
636 2956 776 3014 censoria.
831 2955 876 3013 Ita
911 2957 1027 3034 saepius
1063 2954 1142 3030 digni

148 3073 235 3134 quam
257 3056 374 3132 gratiosi
398 3055 609 3131 praevalebant.
662 3053 746 3124 Quae
768 3072 846 3112 nunc
871 3054 1021 3113 inmodico
1045 3052 1143 3110 favore

148 3163 283 3230 corrupta
312 3154 349 3211 ad
377 3153 464 3212 tacita
488 3151 625 3228 suffragia
649 3151 731 3228 quasi
755 3152 790 3210 ad
818 3153 979 3211 remedium
1005 3152 1143 3220 decueru-

148 3262 247 3312 rerunt
254 3271 263 3325 ;
307 3253 386 3328 quod
414 3252 528 3310 interim
556 3251 641 3326 plane
674 3251 833 3308 remedium
868 3250 936 3324 fuit:
979 3259 1039 3307 erat
1066 3248 1144 3305 enim

105 3372 139 3424 ²5
151 3370 259 3410 novum
280 3361 309 3410 et
328 3353 462 3410 subitum.
506 3348 564 3407 Sed
584 3366 684 3406 vereor
703 3367 741 3406 ne
760 3349 935 3425 procedente
955 3357 1086 3422 tempore
1107 3363 1160 3405 ex·

151 3455 216 3529 ipso
244 3451 372 3510 remedio
401 3451 467 3508 vitia
502 3457 665 3507 nascantur.
719 3447 773 3506 Est
807 3447 885 3505 enirn
919 3445 1079 3524 periculum
1107 3463 1144 3503 ne

152 3549 246 3610 tacitis
275 3549 417 3626 suffragiis
444 3547 613 3628 inpudentia
641 3545 760 3623 inrepat.
815 3544 893 3604 Nam
921 3553 1012 3626 quoto
1041 3545 1145 3624 cuique
