2646 3914
196 187 241 248 44
466 183 488 230 A
514 183 712 232 suracrrorv
729 184 835 233 rnoru
856 184 926 232 rua

198 313 294 409 dolet‚'
310 339 348 398 ad
366 341 446 415 quod
464 359 516 418 per
534 343 606 401 haec
627 353 796 419 perventum
811 345 875 402 esti
903 361 970 401 cum
994 344 1105 402 interim
1126 341 1197 403 illud

198 437 316 513 quidem
330 439 435 513 ingens
448 439 535 511 sama,
551 441 623 500 haec
643 442 721 500 nulla
739 442 908 499 circumfert.
951 441 1038 500 Unde
1054 443 1197 518 colligitur

198 535 278 610 quod
291 536 373 595 initio
388 537 455 618 dixi,
470 539 525 596 alia
539 559 603 598 esse
618 541 738 598 clariora
751 541 805 598 alia
820 541 937 599 maiora.
979 540 1061 598 Vale.
1207 566 1243 613 50

523 822 574 875 32.
617 815 746 896 (BOOK
768 835 795 890 3.
820 813 878 895 18.)

232 971 303 1034 Pliny
315 971 335 1020 is
352 971 478 1036 delighted
491 974 550 1022 with
567 975 609 1022 the
626 975 769 1023 savourable
783 975 907 1038 reception
925 974 996 1038 given
1014 981 1040 1021 to
1057 973 1095 1021 his
1113 972 1199 1036 public

199 1054 327 1102 recitation
345 1055 374 1103 of
388 1056 428 1104 the
446 1056 580 1119 Panegyric
597 1074 628 1106 on
641 1058 739 1120 Trajan,
751 1065 776 1105 at
793 1057 846 1106 first
864 1057 986 1106 delivered
1004 1058 1036 1120 by
1048 1057 1100 1104 him
1117 1056 1143 1102 in
1157 1055 1199 1103 the

200 1145 289 1195 senate,
303 1137 351 1185 and
362 1139 427 1186 since
439 1139 496 1188 then
508 1139 623 1203 enlarged
634 1141 682 1189 and
694 1141 832 1204 published.

444 1312 468 1352 C.
490 1312 601 1353 PLINIUS
621 1313 708 1354 CURIO
728 1313 837 1354 SEVERO
858 1312 911 1353 SUO
932 1312 953 1352 S.

242 1430 378 1491 Officium
399 1433 566 1492 consulatus
586 1434 709 1492 iniunxit
729 1435 801 1492 mihi
814 1444 845 1492 ut
863 1435 903 1492 rei
923 1433 1057 1510 publicae
1079 1433 1200 1489 nomine

201 1530 324 1606 principi
352 1532 457 1606 gratias
485 1551 609 1607 agerem.
666 1534 756 1605 Quod
784 1551 842 1609 ego
870 1533 900 1589 in
929 1543 1032 1589 senatu
1067 1549 1134 1588 cum
1163 1530 1201 1587 ad

158 1625 163 1642 '
200 1627 344 1706 rationem
367 1639 395 1686 et
419 1629 476 1688 loci
498 1642 527 1690 et
548 1634 686 1707 temporis
709 1651 744 1690 ex
768 1649 850 1689 more
875 1629 1018 1697 iecissem,
1039 1629 1121 1686 bono
1146 1629 1202 1684 civi

189 1728 506 1786 'convenientissimum
531 1731 638 1788 credidi
660 1729 762 1788 eadem
783 1730 830 1787 illa
854 1729 1009 1804 spatiosius
1035 1738 1062 1786 et
1084 1727 1201 1784 uberius

201 1825 347 1884 volumine
375 1827 517 1902 amplecti,
546 1829 672 1902 primum
702 1838 734 1886 ut
761 1827 928 1903 imperatori
955 1835 1057 1883 nostro
1085 1825 1225 1888 virtutes5

203 1940 271 1980 suae
286 1924 359 1981 veris
373 1924 505 1983 laudibus
524 1925 795 1984 commendarentur
804 1945 812 1998 3
843 1923 947 1982 deinde
961 1934 994 1981 ut
1015 1923 1101 1980 futuri
1123 1923 1201 1998 prin-

204 2021 283 2096 cipes
303 2038 364 2079 non
387 2024 468 2098 quasi
490 2042 507 2080 a
527 2025 674 2098 magistro
696 2025 747 2084 sed
768 2034 866 2082 tamen
888 2024 942 2080 sub
961 2021 1097 2097 exemplo
1118 2039 1201 2096 prae-

202 2133 399 2189 monerentur,
415 2139 472 2197 qua
486 2123 669 2197 potissimum
684 2125 729 2181 via
746 2131 867 2200 possent
886 2121 923 2179 ad
940 2122 1065 2180 eandem
1079 2121 1202 2196 gloriam

203 2218 263 2275 niti.
306 2217 383 2275 Nam
403 2220 568 2296 praecipere
583 2222 674 2296 qualis
694 2240 758 2280 esse
778 2223 882 2280 debeat
900 2220 1036 2296 princeps
1051 2218 1202 2294 pulchrum

204 2317 330 2392 quidem,
346 2318 397 2375 sed
411 2336 569 2376 onerosum
583 2339 617 2378 ac
631 2339 725 2397 prope
744 2323 902 2396 superbum
917 2329 977 2388 est;
1002 2317 1120 2375 laudare
1134 2319 1203 2373 ve'ro
1216 2341 1246 2374 10

204 2417 347 2489 optimum
375 2417 536 2492 principem
564 2437 598 2475 ac
626 2438 678 2494 per
705 2418 762 2477 hoc
791 2420 914 2494 posteris
941 2415 1019 2474 velut
1043 2434 1060 2473 e
1085 2413 1204 2490 specula

204 2515 303 2572 lumen
317 2514 396 2590 quod
415 2527 571 2592 sequantiu
590 2518 743 2576 ostendere
764 2518 842 2578 idern
863 2515 990 2574 utilitatis
1008 2515 1103 2584 habet,
1119 2512 1204 2570 adro·

205 2603 320 2687 gantiae
348 2612 427 2670 nihil.
481 2612 554 2689 Cepi
583 2626 680 2674 autem
711 2634 772 2674 non
807 2616 986 2675 mediocrem
1014 2612 1204 2687 voluptatem,

206 2710 293 2786 quod,
308 2709 384 2767 hunc
407 2710 510 2768 librum
531 2729 598 2769 cum
621 2714 721 2772 amicis
743 2715 863 2772 recitare
884 2712 1049 2781 voluissem,
1070 2725 1131 2766 non
1152 2726 1206 2784 per

206 2809 363 2881 codicillos
379 2828 440 2868 non
455 2829 507 2886 per
521 2811 639 2880 libellos
657 2814 708 2871 sed
727 2815 770 2871 ‘si
792 2809 994 2872 commodum'
1015 2820 1044 2869 et
1067 2811 1108 2866 ‘si
1122 2807 1205 2865 valde
1219 2829 1247 2878 15

206 2906 333 2967 vacaret'
348 2908 488 2966 admoniti
507 2908 682 2988 (numquam
703 2929 790 2987 porro
812 2921 862 2969 aut
883 2909 964 2968 valde
986 2917 1069 2966 vacat
1091 2906 1206 2964 Romae

206 3015 257 3067 aut
281 3006 471 3064 commodum
493 3017 536 3064 est
557 3009 655 3066 audire
678 3006 868 3087 recitantem),
890 3006 1068 3066 foedissimis
1088 3006 1208 3079 insuper

206 3105 433 3183 tempestatibus,
458 3122 511 3180 per
533 3106 653 3164 biduum
682 3115 887 3176 convenerunt,
913 3122 1040 3180 cumque
1064 3101 1209 3160 modestia

207 3224 274 3264 mea
295 3203 383 3261 finem
403 3203 563 3262 recitationi
585 3205 679 3264 lacere
700 3206 845 3276 voluisset,
867 3213 900 3261 ut
924 3203 1069 3260 adicerem
1090 3200 1208 3258 tertium

207 3307 285 3365 diem
310 3312 475 3379 exegerunt.
519 3302 593 3360 Mihi
617 3304 695 3362 hunc
718 3305 861 3362 honorem
886 3301 1017 3360 habitum
1038 3307 1147 3376 putem,
1169 3317 1207 3356 an
1220 3321 1250 3354 20

209 3404 330 3462 studiis?
367 3402 473 3460 Studiis
496 3401 583 3471 malo,
604 3420 679 3476 quae
699 3419 792 3478 prope
811 3402 936 3459 extincta
955 3397 1124 3456 refoventur.
1168 3397 1209 3453 At

211 3502 257 3559 cui
269 3503 406 3561 materiae
425 3500 501 3560 hanc
521 3500 700 3559 sedulitatem
723 3496 947 3575 praestiterunt?
990 3495 1106 3572 Nempe
1121 3512 1210 3570 quam

208 3600 240 3658 in
261 3611 364 3660 senatu
388 3618 514 3679 quoque,
536 3597 586 3657 ubi
606 3599 719 3676 perpeti
739 3613 859 3656 necesse
883 3603 952 3665 erat,
974 3594 1085 3669 gravari
1111 3602 1210 3651 tamen
