2646 3914
191 172 233 240 50
463 175 486 220 A
512 174 711 225 raraorrorv
730 175 835 225 raom
857 175 926 223 rna

194 334 246 392 sed
272 335 419 413 Regulum
445 339 549 416 cogita.
591 340 741 400 Amissum
762 351 860 400 tamen
882 340 960 417 luget
981 341 1090 400 insane.
1133 339 1196 399 Ha-

194 435 281 493 bebat
303 454 375 511 puer
395 437 551 497 mannulos
572 440 679 499 multos
701 450 729 499 et
750 440 864 498 iunctos
886 449 915 498 et
936 439 1054 512 solutos,
1069 439 1201 498 habebat

195 553 283 592 canes
314 537 439 594 maiores
478 539 673 615 minoresque,
703 538 828 597 habebat
862 537 1007 609 luscinias,
1045 538 1196 614 psittacos,

193 633 335 692 merulas:
370 653 474 694 omnes
502 636 634 713 Regulus
663 638 740 696 circa
775 654 880 712 rogum
915 638 1073 696 trucidavit.
1130 635 1195 694 Nec
1207 657 1237 693 10

195 730 278 789 dolor
298 743 357 791 erat
380 734 433 804 ille,
456 735 508 792 sed
530 738 684 796 ostentatio
708 737 823 796 doloris.
867 734 1046 794 Convenitur
1067 735 1105 793 ad
1126 752 1195 792 eum

194 829 266 888 mira
288 831 459 891 celebritate.
503 832 608 892 Cuncti
630 833 805 894 detestantur
827 835 959 906 oderunt,
974 844 1002 892 et
1024 834 1106 910 quasi
1127 850 1194 908 pro-

194 929 271 1000 bent,
288 931 369 1006 quasi
385 930 513 1006 diligant,
529 943 644 991 cursant
663 933 854 1010 frequentant,
868 941 957 1008 utque
979 932 1099 992 breviter
1114 931 1196 1008 quod

194 1029 287 1087 sentio
309 1031 464 1100 enuntiem,
484 1031 514 1088 in
534 1029 650 1107 Regulo
671 1032 848 1091 demerendo
871 1031 1016 1107 Regulum
1037 1031 1194 1089 imitantur·

193 1126 290 1187 Tenet
304 1147 335 1187 se
349 1139 428 1189 trans
443 1129 573 1188 Tiberim
588 1132 618 1188 in
632 1131 730 1202 hortis,
744 1133 775 1188 in
796 1131 899 1208 quibus
914 1130 1082 1189 latissimum
1097 1128 1194 1188 solum
1206 1149 1234 1199 15
1314 1165 1316 1190 t

194 1228 351 1302 porticibus
373 1229 520 1302 inmensis
535 1231 628 1306 ripam
653 1231 753 1289 statuis
775 1230 833 1288 suis
855 1229 1017 1305 occupavit,
1038 1238 1069 1286 ut
1094 1237 1138 1287 est
1163 1228 1193 1286 in

194 1343 308 1384 summa
337 1329 453 1385 avaritia
481 1337 677 1404 sumptuosus,
700 1328 730 1386 in
754 1346 868 1386 summa
893 1326 1013 1387 infamia
1037 1326 1190 1403 gloriosus.

192 1424 288 1482 Vexat
309 1443 379 1501 ergo
401 1426 542 1485 civitatem
564 1428 782 1486 insaluberrimo
803 1437 943 1504 tempore,
959 1436 989 1485 et
1010 1427 1089 1502 quod
1107 1436 1192 1484 vexat

195 1520 335 1580 solacium
348 1533 437 1599 putat.
479 1524 558 1584 Dicit
577 1544 608 1584 se
623 1527 693 1585 velle
708 1527 814 1585 ducere
828 1544 967 1583 uxorem:
991 1525 1048 1583 hoc
1064 1542 1191 1602 quoque,

194 1619 268 1678 sicut
289 1620 350 1692 alia,
374 1641 523 1698 perverse:
555 1625 654 1684 audies
676 1625 755 1683 brevi
776 1625 893 1700 nuptias
919 1623 1052 1699 lugentis,
1075 1624 1192 1700 nuptias
1204 1649 1234 1683 20

193 1719 288 1776 senis:
327 1738 451 1797 quorum
479 1721 600 1783 alterum
629 1724 825 1794 immaturum,
857 1722 977 1780 alterum
1010 1739 1106 1779 serum
1138 1730 1192 1781 est.
1315 1713 1316 1732 ¹

195 1816 282 1875 Unde
310 1818 367 1877 hoc
397 1839 519 1896 augurer
545 1823 676 1898 quaeris:
712 1839 773 1879 non
799 1821 867 1896 quia
888 1819 1019 1878 adfirmat
1040 1821 1109 1896 ipse,
1132 1838 1193 1896 quo
1266 1873 1270 1880 .

193 1915 362 1976 mendacius
392 1918 462 1975 nihil
491 1929 543 1989 est,
565 1919 617 1978 sed
639 1919 708 1995 quia
738 1929 847 1978 certum
877 1928 921 1978 est
950 1918 1097 1995 Regulum
1127 1937 1193 1978 esse

195 2013 336 2072 iacturum
350 2016 491 2094 quidquid
504 2017 566 2075 fieri
579 2035 641 2075 non
657 2028 779 2094 oportet.
820 2017 903 2077 Vale.
992 2043 1005 2060 ·

526 2235 576 2290 37.
619 2228 748 2309 (BOOK
771 2247 796 2300 4.
821 2227 861 2308 7.)

227 2373 298 2438 Pliny
306 2376 427 2428 describes
436 2379 478 2427 the
489 2395 600 2443 perverse
611 2395 700 2442 energy
709 2379 739 2427 oi
747 2378 857 2444 Regulus
867 2393 925 2426 now
936 2377 1022 2426 shown
1034 2376 1058 2425 in
1069 2377 1108 2426 his
1119 2383 1194 2426 taste·

195 2455 243 2505 less
255 2461 486 2510 commemorations
498 2461 527 2510 of
534 2462 572 2510 his
584 2459 650 2510 son's
660 2478 777 2525 memory,
792 2477 818 2509 as
830 2461 849 2509 it
860 2460 910 2509 had
921 2459 1037 2524 formerly
1045 2460 1106 2510 been
1118 2460 1143 2508 in
1154 2461 1194 2510 his

194 2552 275 2588 career
285 2556 313 2589 as
324 2558 355 2590 an
367 2543 495 2595 advocate.

435 2690 461 2730 C·
484 2691 596 2731 PLINIUS
617 2692 704 2734 caulo
725 2691 829 2731 LEPIDO
850 2689 904 2732 SUO
924 2689 946 2729 S.

236 2807 329 2885 Saepe
354 2812 404 2869 tibi
427 2811 493 2871 dico
517 2815 612 2873 inesse
634 2815 692 2872 vim
718 2815 841 2891 Regulo,
897 2812 1005 2870 Mirum
1029 2821 1073 2871 est
1101 2827 1192 2886 quam

194 2908 295 2967 efficiat
310 2910 339 2966 in
354 2912 434 2986 quod
452 2912 589 2971 incubuit.
633 2912 742 2972 Placuit
762 2913 788 2970 ei
809 2912 908 2988 lugere
929 2911 1019 2968 filium
1029 2930 1037 2983 ;
1064 2910 1145 2985 luget
1158 2919 1192 2967 ut

193 3026 299 3066 nemo:
334 3009 441 3085 placuit
469 3021 576 3070 statuas
607 3013 667 3070 eius
699 3022 728 3071 et
762 3012 903 3088 imagines
935 3028 1023 3086 quam
1052 3009 1192 3085 plurimas

192 3106 302 3181 sacere;
339 3108 396 3167 hoc
424 3112 559 3170 omnibus
591 3112 712 3171 officinis
741 3113 808 3188 agit,
829 3112 909 3169 illum
935 3109 1088 3181 coloribus,
1110 3108 1192 3165 illum

194 3227 267 3279 cera,
288 3208 368 3267 illum
389 3229 462 3282 aere,
483 3212 561 3269 illum
581 3221 710 3288 argento,
729 3212 808 3270 illum
828 3228 907 3279 aum,
928 3209 1025 3280 ebore,
1045 3225 1216 3273 marmores

194 3308 311 3386 effingit.
355 3309 423 3386 Ipse
440 3329 508 3369 vero
529 3328 621 3386 nuper
640 3311 769 3369 adhibito
791 3308 901 3386 ingenti
923 3306 1065 3364 auditorio
1087 3306 1192 3366 librum

194 3405 230 3463 de
243 3409 300 3466 vita
315 3410 375 3468 eius
389 3409 525 3479 recitavit,
541 3410 577 3468 de
591 3410 648 3468 vita
662 3409 759 3484 pueri:
784 3408 912 3466 recitavit
925 3416 1041 3478 tamen;
1063 3405 1191 3463 eundem

192 3506 224 3564 in
238 3508 412 3585 exemplaria
427 3509 503 3566 mille
522 3510 740 3584 transscriptum
762 3525 813 3583 per
834 3516 925 3564 totam
940 3503 1054 3562 Italiam
1075 3504 1191 3580 provin·

194 3609 310 3684 ciasque
326 3609 449 3667 dimisit:
475 3607 589 3685 scripsit
603 3606 717 3683 publice
736 3615 768 3663 ut
783 3624 799 3663 a
820 3603 1024 3663 decurionibus
1039 3603 1192 3680 eligeretur
