<?xml version="1.0" encoding="UTF-8"?>
<!DOCTYPE html PUBLIC "-//W3C//DTD XHTML 1.0 Transitional//EN"
    "http://www.w3.org/TR/xhtml1/DTD/xhtml1-transitional.dtd">
<html xmlns="http://www.w3.org/1999/xhtml" xml:lang="en" lang="en">
 <head>
  <title>
</title>
<meta http-equiv="Content-Type" content="text/html;charset=utf-8" />
  <meta name='ocr-system' content='tesseract 3.04.00' />
  <meta name='ocr-capabilities' content='ocr_page ocr_carea ocr_par ocr_line ocrx_word'/>
</head>
<body>
  <div class='ocr_page' id='page_1' title='image "./selectedletters05plingoog_0052.png"; bbox 0 0 2646 3914; ppageno 0'>
   <div class='ocr_carea' id='block_1_1' title="bbox 190 190 1133 269">
    <p class='ocr_par' dir='ltr' id='par_1_1' title="bbox 190 190 1133 269">
     <span class='ocr_line' id='line_1_1' title="bbox 190 190 1133 269; baseline 0.005 -31"><span class='ocrx_word' id='word_1_1' title='bbox 190 190 349 240; x_wconf 79' lang='lat' dir='ltr'><em>LETTERS</em></span> <span class='ocrx_word' id='word_1_2' title='bbox 373 192 417 240; x_wconf 67' lang='lat'>01⁴¹</span> <span class='ocrx_word' id='word_1_3' title='bbox 440 192 470 243; x_wconf 80' lang='lat' dir='ltr'>C.</span> <span class='ocrx_word' id='word_1_4' title='bbox 485 193 632 242; x_wconf 84' lang='lat' dir='ltr'><em>PLINIUS</em></span> <span class='ocrx_word' id='word_1_5' title='bbox 652 193 840 243; x_wconf 76' lang='lat' dir='ltr'><em>CAECILIUS</em></span> <span class='ocrx_word' id='word_1_6' title='bbox 860 195 1053 243; x_wconf 78' lang='lat' dir='ltr'><em>SECUNDUS.</em></span> <span class='ocrx_word' id='word_1_7' title='bbox 1089 203 1133 269; x_wconf 79' lang='lat'>39</span> 
     </span>
    </p>
   </div>
   <div class='ocr_carea' id='block_1_2' title="bbox 85 348 1132 726">
    <p class='ocr_par' dir='ltr' id='par_1_2' title="bbox 85 348 1132 726">
     <span class='ocr_line' id='line_1_2' title="bbox 85 348 1132 435; baseline 0.002 -23"><span class='ocrx_word' id='word_1_8' title='bbox 85 365 120 412; x_wconf 80' lang='lat'>40</span> <span class='ocrx_word' id='word_1_9' title='bbox 131 348 211 408; x_wconf 87' lang='lat' dir='ltr'>Tam</span> <span class='ocrx_word' id='word_1_10' title='bbox 239 351 369 428; x_wconf 91' lang='lat' dir='ltr'>angustis</span> <span class='ocrx_word' id='word_1_11' title='bbox 397 352 527 412; x_wconf 91' lang='lat' dir='ltr'>terminis</span> <span class='ocrx_word' id='word_1_12' title='bbox 558 362 657 412; x_wconf 83' lang='lat' dir='ltr'><strong>tantae</strong></span> <span class='ocrx_word' id='word_1_13' title='bbox 685 354 875 435; x_wconf 83' lang='lat' dir='ltr'>multitudinis</span> <span class='ocrx_word' id='word_1_14' title='bbox 903 353 1034 414; x_wconf 85' lang='lat' dir='ltr'>vivacitas</span> <span class='ocrx_word' id='word_1_15' title='bbox 1067 357 1132 430; x_wconf 87' lang='lat' dir='ltr'>ipsa</span> 
     </span>
     <span class='ocr_line' id='line_1_3' title="bbox 132 449 1132 529; baseline 0.005 -22"><span class='ocrx_word' id='word_1_16' title='bbox 132 449 325 522; x_wconf 86' lang='lat' dir='ltr'><strong>concluditur,</strong></span> <span class='ocrx_word' id='word_1_17' title='bbox 346 457 378 508; x_wconf 89' lang='lat' dir='ltr'>ut</span> <span class='ocrx_word' id='word_1_18' title='bbox 402 450 473 508; x_wconf 91' lang='lat' dir='ltr'>mihi</span> <span class='ocrx_word' id='word_1_19' title='bbox 494 469 556 509; x_wconf 94' lang='lat' dir='ltr'>non</span> <span class='ocrx_word' id='word_1_20' title='bbox 577 453 662 512; x_wconf 90' lang='lat' dir='ltr'>venia</span> <span class='ocrx_word' id='word_1_21' title='bbox 683 453 778 512; x_wconf 89' lang='lat' dir='ltr'>solum</span> <span class='ocrx_word' id='word_1_22' title='bbox 799 454 904 529; x_wconf 87' lang='lat' dir='ltr'>dignae</span> <span class='ocrx_word' id='word_1_23' title='bbox 925 471 1024 512; x_wconf 91' lang='lat' dir='ltr'>verum</span> <span class='ocrx_word' id='word_1_24' title='bbox 1044 455 1132 512; x_wconf 87' lang='lat' dir='ltr'>etiam</span> 
     </span>
     <span class='ocr_line' id='line_1_4' title="bbox 132 546 1130 627; baseline 0.007 -24"><span class='ocrx_word' id='word_1_25' title='bbox 132 546 220 606; x_wconf 89' lang='lat' dir='ltr'>laude</span> <span class='ocrx_word' id='word_1_26' title='bbox 236 548 387 606; x_wconf 88' lang='lat' dir='ltr'>videantur</span> <span class='ocrx_word' id='word_1_27' title='bbox 406 547 471 607; x_wconf 89' lang='lat' dir='ltr'>illae</span> <span class='ocrx_word' id='word_1_28' title='bbox 491 550 589 627; x_wconf 87' lang='lat' dir='ltr'>regiae</span> <span class='ocrx_word' id='word_1_29' title='bbox 610 550 752 609; x_wconf 86' lang='lat' dir='ltr'>lacrimae.</span> <span class='ocrx_word' id='word_1_30' title='bbox 796 550 874 609; x_wconf 82' lang='lat' dir='ltr'>Nam</span> <span class='ocrx_word' id='word_1_31' title='bbox 892 551 986 609; x_wconf 88' lang='lat' dir='ltr'>ferunt</span> <span class='ocrx_word' id='word_1_32' title='bbox 1003 551 1130 620; x_wconf 83' lang='lat' dir='ltr'>Xerxen,</span> 
     </span>
     <span class='ocr_line' id='line_1_5' title="bbox 133 646 1132 726; baseline 0.007 -25"><span class='ocrx_word' id='word_1_33' title='bbox 133 663 202 702; x_wconf 92' lang='lat' dir='ltr'>cum</span> <span class='ocrx_word' id='word_1_34' title='bbox 222 646 388 704; x_wconf 90' lang='lat' dir='ltr'>inmensum</span> <span class='ocrx_word' id='word_1_35' title='bbox 409 648 565 706; x_wconf 89' lang='lat' dir='ltr'>exercitum</span> <span class='ocrx_word' id='word_1_36' title='bbox 584 648 676 706; x_wconf 90' lang='lat' dir='ltr'>oculis</span> <span class='ocrx_word' id='word_1_37' title='bbox 695 649 813 721; x_wconf 87' lang='lat' dir='ltr'>obisset,</span> <span class='ocrx_word' id='word_1_38' title='bbox 833 649 1037 721; x_wconf 86' lang='lat' dir='ltr'>inlacrimasse,</span> <span class='ocrx_word' id='word_1_39' title='bbox 1052 650 1132 726; x_wconf 92' lang='lat' dir='ltr'>quod</span> 
     </span>
    </p>
   </div>
   <div class='ocr_carea' id='block_1_3' title="bbox 133 745 1223 830">
    <p class='ocr_par' dir='ltr' id='par_1_3' title="bbox 133 745 1223 830">
     <span class='ocr_line' id='line_1_6' title="bbox 133 745 1223 830; baseline 0.006 -29"><span class='ocrx_word' id='word_1_40' title='bbox 133 753 178 802; x_wconf 90' lang='lat' dir='ltr'>tot</span> <span class='ocrx_word' id='word_1_41' title='bbox 191 745 307 804; x_wconf 90' lang='lat' dir='ltr'>milibus</span> <span class='ocrx_word' id='word_1_42' title='bbox 321 755 381 804; x_wconf 90' lang='lat' dir='ltr'>tam</span> <span class='ocrx_word' id='word_1_43' title='bbox 395 746 489 805; x_wconf 90' lang='lat' dir='ltr'>brevis</span> <span class='ocrx_word' id='word_1_44' title='bbox 508 747 670 806; x_wconf 81' lang='lat' dir='ltr'>immineret</span> <span class='ocrx_word' id='word_1_45' title='bbox 684 766 815 807; x_wconf 79' lang='lat' dir='ltr'>occasus.</span> <span class='ocrx_word' id='word_1_46' title='bbox 859 747 917 806; x_wconf 90' lang='lat' dir='ltr'>Sed</span> <span class='ocrx_word' id='word_1_47' title='bbox 936 757 1017 806; x_wconf 88' lang='lat' dir='ltr'>tanto</span> <span class='ocrx_word' id='word_1_48' title='bbox 1036 751 1131 825; x_wconf 90' lang='lat' dir='ltr'>magis</span> <span class='ocrx_word' id='word_1_49' title='bbox 1220 819 1223 830; x_wconf 38' lang='lat'>‚</span> 
     </span>
    </p>
   </div>
   <div class='ocr_carea' id='block_1_4' title="bbox 89 841 1164 1602">
    <p class='ocr_par' dir='ltr' id='par_1_4' title="bbox 89 841 1164 1312">
     <span class='ocr_line' id='line_1_7' title="bbox 89 841 1133 921; baseline 0.004 -21"><span class='ocrx_word' id='word_1_50' title='bbox 89 841 192 901; x_wconf 81' lang='lat' dir='ltr'>45hoe</span> <span class='ocrx_word' id='word_1_51' title='bbox 216 843 358 920; x_wconf 87' lang='lat' dir='ltr'>quidquid</span> <span class='ocrx_word' id='word_1_52' title='bbox 382 853 426 902; x_wconf 94' lang='lat' dir='ltr'>est</span> <span class='ocrx_word' id='word_1_53' title='bbox 451 845 590 921; x_wconf 87' lang='lat' dir='ltr'>temporis</span> <span class='ocrx_word' id='word_1_54' title='bbox 614 843 702 904; x_wconf 85' lang='lat' dir='ltr'>sutilis</span> <span class='ocrx_word' id='word_1_55' title='bbox 727 854 755 904; x_wconf 90' lang='lat' dir='ltr'>et</span> <span class='ocrx_word' id='word_1_56' title='bbox 780 845 889 917; x_wconf 88' lang='lat' dir='ltr'>caduci,</span> <span class='ocrx_word' id='word_1_57' title='bbox 912 845 938 904; x_wconf 87' lang='lat' dir='ltr'>si</span> <span class='ocrx_word' id='word_1_58' title='bbox 963 863 1024 904; x_wconf 91' lang='lat' dir='ltr'>non</span> <span class='ocrx_word' id='word_1_59' title='bbox 1048 847 1133 904; x_wconf 89' lang='lat' dir='ltr'>datur</span> 
     </span>
     <span class='ocr_line' id='line_1_8' title="bbox 133 939 1164 1022; baseline 0.007 -26"><span class='ocrx_word' id='word_1_60' title='bbox 133 939 218 999; x_wconf 88' lang='lat' dir='ltr'>factis</span> <span class='ocrx_word' id='word_1_61' title='bbox 236 940 321 1020; x_wconf 82' lang='lat' dir='ltr'>(nam</span> <span class='ocrx_word' id='word_1_62' title='bbox 349 940 452 1000; x_wconf 90' lang='lat' dir='ltr'>horum</span> <span class='ocrx_word' id='word_1_63' title='bbox 479 943 598 1002; x_wconf 81' lang='lat' dir='ltr'>materia</span> <span class='ocrx_word' id='word_1_64' title='bbox 622 945 652 1001; x_wconf 90' lang='lat' dir='ltr'>in</span> <span class='ocrx_word' id='word_1_65' title='bbox 679 943 772 1002; x_wconf 90' lang='lat' dir='ltr'>aliena</span> <span class='ocrx_word' id='word_1_66' title='bbox 795 941 906 1022; x_wconf 83' lang='lat' dir='ltr'>manu),</span> <span class='ocrx_word' id='word_1_67' title='bbox 928 954 1005 1002; x_wconf 88' lang='lat' dir='ltr'>certe</span> <span class='ocrx_word' id='word_1_68' title='bbox 1030 943 1131 1003; x_wconf 88' lang='lat' dir='ltr'>studiis</span> <span class='ocrx_word' id='word_1_69' title='bbox 1158 983 1164 994; x_wconf 51' lang='grc' dir='ltr'>ι</span> 
     </span>
     <span class='ocr_line' id='line_1_9' title="bbox 134 1037 1131 1118; baseline 0.003 -22"><span class='ocrx_word' id='word_1_70' title='bbox 134 1037 324 1114; x_wconf 84' lang='lat' dir='ltr'>proferamus,</span> <span class='ocrx_word' id='word_1_71' title='bbox 346 1049 374 1098; x_wconf 92' lang='lat' dir='ltr'>et</span> <span class='ocrx_word' id='word_1_72' title='bbox 395 1049 538 1116; x_wconf 86' lang='lat' dir='ltr'>quatenus</span> <span class='ocrx_word' id='word_1_73' title='bbox 566 1043 651 1100; x_wconf 92' lang='lat' dir='ltr'>nobis</span> <span class='ocrx_word' id='word_1_74' title='bbox 673 1041 832 1118; x_wconf 90' lang='lat' dir='ltr'>denegatur</span> <span class='ocrx_word' id='word_1_75' title='bbox 853 1041 903 1100; x_wconf 93' lang='lat' dir='ltr'>diu</span> <span class='ocrx_word' id='word_1_76' title='bbox 923 1041 1024 1112; x_wconf 88' lang='lat' dir='ltr'>vivere,</span> <span class='ocrx_word' id='word_1_77' title='bbox 1046 1042 1131 1100; x_wconf 92' lang='lat' dir='ltr'>relin-</span> 
     </span>
     <span class='ocr_line' id='line_1_10' title="bbox 134 1137 1131 1214; baseline 0.006 -20"><span class='ocrx_word' id='word_1_78' title='bbox 134 1155 260 1212; x_wconf 90' lang='lat' dir='ltr'>quamus</span> <span class='ocrx_word' id='word_1_79' title='bbox 277 1137 386 1214; x_wconf 91' lang='lat' dir='ltr'>aliquid</span> <span class='ocrx_word' id='word_1_80' title='bbox 406 1157 466 1214; x_wconf 90' lang='lat' dir='ltr'>quo</span> <span class='ocrx_word' id='word_1_81' title='bbox 486 1157 542 1198; x_wconf 93' lang='lat' dir='ltr'>nos</span> <span class='ocrx_word' id='word_1_82' title='bbox 557 1140 663 1198; x_wconf 85' lang='lat' dir='ltr'>vixisse</span> <span class='ocrx_word' id='word_1_83' title='bbox 683 1139 828 1198; x_wconf 86' lang='lat' dir='ltr'>testemur.</span> <span class='ocrx_word' id='word_1_84' title='bbox 872 1139 940 1198; x_wconf 89' lang='lat' dir='ltr'>Scio</span> <span class='ocrx_word' id='word_1_85' title='bbox 962 1150 990 1198; x_wconf 86' lang='lat' dir='ltr'>te</span> <span class='ocrx_word' id='word_1_86' title='bbox 1010 1139 1131 1200; x_wconf 88' lang='lat' dir='ltr'>stimulis</span> 
     </span>
     <span class='ocr_line' id='line_1_11' title="bbox 135 1239 1131 1312; baseline 0.005 -20"><span class='ocrx_word' id='word_1_87' title='bbox 135 1251 197 1293; x_wconf 90' lang='lat' dir='ltr'>non</span> <span class='ocrx_word' id='word_1_88' title='bbox 228 1254 330 1312; x_wconf 79' lang='lat' dir='ltr'>egere3</span> <span class='ocrx_word' id='word_1_89' title='bbox 366 1255 415 1295; x_wconf 92' lang='lat' dir='ltr'>me</span> <span class='ocrx_word' id='word_1_90' title='bbox 443 1247 542 1296; x_wconf 90' lang='lat' dir='ltr'>tamen</span> <span class='ocrx_word' id='word_1_91' title='bbox 570 1239 611 1297; x_wconf 92' lang='lat' dir='ltr'>tui</span> <span class='ocrx_word' id='word_1_92' title='bbox 642 1239 744 1297; x_wconf 90' lang='lat' dir='ltr'>caritas</span> <span class='ocrx_word' id='word_1_93' title='bbox 777 1247 880 1297; x_wconf 90' lang='lat' dir='ltr'>evocat</span> <span class='ocrx_word' id='word_1_94' title='bbox 912 1248 944 1295; x_wconf 88' lang='lat' dir='ltr'>ut</span> <span class='ocrx_word' id='word_1_95' title='bbox 970 1251 1131 1298; x_wconf 90' lang='lat' dir='ltr'>currentem</span> 
     </span>
    </p>

    <p class='ocr_par' dir='ltr' id='par_1_5' title="bbox 89 1335 1131 1602">
     <span class='ocr_line' id='line_1_12' title="bbox 89 1335 1131 1412; baseline 0.005 -20"><span class='ocrx_word' id='word_1_96' title='bbox 89 1351 126 1400; x_wconf 82' lang='lat'>50</span> <span class='ocrx_word' id='word_1_97' title='bbox 135 1351 254 1410; x_wconf 92' lang='lat' dir='ltr'>quoque</span> <span class='ocrx_word' id='word_1_98' title='bbox 282 1335 425 1412; x_wconf 87' lang='lat' dir='ltr'>instigem,</span> <span class='ocrx_word' id='word_1_99' title='bbox 451 1337 525 1395; x_wconf 90' lang='lat' dir='ltr'>sicut</span> <span class='ocrx_word' id='word_1_100' title='bbox 553 1346 584 1394; x_wconf 92' lang='lat' dir='ltr'>tu</span> <span class='ocrx_word' id='word_1_101' title='bbox 612 1336 689 1396; x_wconf 87' lang='lat' dir='ltr'>soles</span> <span class='ocrx_word' id='word_1_102' title='bbox 717 1355 773 1395; x_wconf 84' lang='lat' dir='ltr'>me.</span> <span class='ocrx_word' id='word_1_103' title='bbox 814 1337 910 1410; x_wconf 78' lang='grc' dir='ltr'>Ἀγαθὴ</span> <span class='ocrx_word' id='word_1_104' title='bbox 935 1335 1038 1411; x_wconf 75' lang='grc' dir='ltr'>δ’ἔρις,</span> <span class='ocrx_word' id='word_1_105' title='bbox 1063 1356 1131 1397; x_wconf 91' lang='lat' dir='ltr'>cum</span> 
     </span>
     <span class='ocr_line' id='line_1_13' title="bbox 135 1432 1131 1495; baseline 0.007 -7"><span class='ocrx_word' id='word_1_106' title='bbox 135 1432 259 1490; x_wconf 89' lang='lat' dir='ltr'>invicem</span> <span class='ocrx_word' id='word_1_107' title='bbox 278 1451 310 1491; x_wconf 91' lang='lat' dir='ltr'>se</span> <span class='ocrx_word' id='word_1_108' title='bbox 329 1433 436 1492; x_wconf 86' lang='lat' dir='ltr'>mutuis</span> <span class='ocrx_word' id='word_1_109' title='bbox 455 1433 701 1494; x_wconf 87' lang='lat' dir='ltr'>exhortationibus</span> <span class='ocrx_word' id='word_1_110' title='bbox 720 1435 805 1494; x_wconf 90' lang='lat' dir='ltr'>amici</span> <span class='ocrx_word' id='word_1_111' title='bbox 824 1436 862 1494; x_wconf 87' lang='lat' dir='ltr'>ad</span> <span class='ocrx_word' id='word_1_112' title='bbox 880 1453 1010 1494; x_wconf 88' lang='lat' dir='ltr'>amorem</span> <span class='ocrx_word' id='word_1_113' title='bbox 1024 1437 1131 1495; x_wconf 90' lang='lat' dir='ltr'>inmor-</span> 
     </span>
     <span class='ocr_line' id='line_1_14' title="bbox 134 1531 543 1602; baseline 0.007 -14"><span class='ocrx_word' id='word_1_114' title='bbox 134 1531 250 1602; x_wconf 75' lang='lat' dir='ltr'>talitatis</span> <span class='ocrx_word' id='word_1_115' title='bbox 265 1541 418 1590; x_wconf 86' lang='lat' dir='ltr'>exacuunt.</span> <span class='ocrx_word' id='word_1_116' title='bbox 460 1532 543 1591; x_wconf 90' lang='lat' dir='ltr'>Vale.</span> 
     </span>
    </p>
   </div>
   <div class='ocr_carea' id='block_1_5' title="bbox 450 1817 812 1900">
    <p class='ocr_par' dir='ltr' id='par_1_6' title="bbox 450 1817 812 1900">
     <span class='ocr_line' id='line_1_15' title="bbox 450 1817 812 1900; baseline 0 -22"><span class='ocrx_word' id='word_1_117' title='bbox 450 1825 506 1879; x_wconf 76' lang='lat'>28.</span> <span class='ocrx_word' id='word_1_118' title='bbox 549 1819 677 1900; x_wconf 83' lang='lat' dir='ltr'>(BOOK</span> <span class='ocrx_word' id='word_1_119' title='bbox 700 1840 725 1896; x_wconf 86' lang='lat'>3.</span> <span class='ocrx_word' id='word_1_120' title='bbox 754 1817 812 1900; x_wconf 86' lang='lat'>11.)</span> 
     </span>
    </p>
   </div>
   <div class='ocr_carea' id='block_1_6' title="bbox 133 1965 1132 2196">
    <p class='ocr_par' dir='ltr' id='par_1_7' title="bbox 133 1965 1132 2196">
     <span class='ocr_line' id='line_1_16' title="bbox 167 1965 1132 2032; baseline 0.001 -18"><span class='ocrx_word' id='word_1_121' title='bbox 167 1967 246 2030; x_wconf 84' lang='lat' dir='ltr'>Pliny,</span> <span class='ocrx_word' id='word_1_122' title='bbox 268 1967 341 2015; x_wconf 91' lang='lat' dir='ltr'>while</span> <span class='ocrx_word' id='word_1_123' title='bbox 363 1967 522 2031; x_wconf 89' lang='lat' dir='ltr'>deprecating</span> <span class='ocrx_word' id='word_1_124' title='bbox 544 1968 586 2017; x_wconf 91' lang='lat' dir='ltr'>the</span> <span class='ocrx_word' id='word_1_125' title='bbox 612 1968 733 2017; x_wconf 82' lang='lat' dir='ltr'>excessive</span> <span class='ocrx_word' id='word_1_126' title='bbox 757 1966 881 2032; x_wconf 87' lang='lat' dir='ltr'>gratitude</span> <span class='ocrx_word' id='word_1_127' title='bbox 904 1965 933 2014; x_wconf 84' lang='lat' dir='ltr'>of</span> <span class='ocrx_word' id='word_1_128' title='bbox 953 1967 1132 2026; x_wconf 82' lang='lat' dir='ltr'>Artemidorus,</span> 
     </span>
     <span class='ocr_line' id='line_1_17' title="bbox 133 2049 1132 2114; baseline 0.004 -17"><span class='ocrx_word' id='word_1_129' title='bbox 133 2049 223 2098; x_wconf 89' lang='lat' dir='ltr'>relates</span> <span class='ocrx_word' id='word_1_130' title='bbox 239 2049 300 2098; x_wconf 87' lang='lat' dir='ltr'>with</span> <span class='ocrx_word' id='word_1_131' title='bbox 323 2066 391 2098; x_wconf 90' lang='lat' dir='ltr'>some</span> <span class='ocrx_word' id='word_1_132' title='bbox 411 2050 562 2099; x_wconf 82' lang='lat' dir='ltr'>satisfaction</span> <span class='ocrx_word' id='word_1_133' title='bbox 585 2052 627 2100; x_wconf 90' lang='lat' dir='ltr'>the</span> <span class='ocrx_word' id='word_1_134' title='bbox 649 2051 788 2114; x_wconf 89' lang='lat' dir='ltr'>dangerous</span> <span class='ocrx_word' id='word_1_135' title='bbox 810 2052 912 2099; x_wconf 88' lang='lat' dir='ltr'>services</span> <span class='ocrx_word' id='word_1_136' title='bbox 929 2049 1009 2098; x_wconf 89' lang='lat' dir='ltr'>which</span> <span class='ocrx_word' id='word_1_137' title='bbox 1028 2051 1060 2100; x_wconf 94' lang='lat' dir='ltr'>he</span> <span class='ocrx_word' id='word_1_138' title='bbox 1083 2052 1132 2100; x_wconf 91' lang='lat' dir='ltr'>had</span> 
     </span>
     <span class='ocr_line' id='line_1_18' title="bbox 134 2130 768 2196; baseline 0.006 -17"><span class='ocrx_word' id='word_1_139' title='bbox 134 2131 251 2181; x_wconf 90' lang='lat' dir='ltr'>rendered</span> <span class='ocrx_word' id='word_1_140' title='bbox 268 2139 294 2180; x_wconf 88' lang='lat' dir='ltr'>to</span> <span class='ocrx_word' id='word_1_141' title='bbox 312 2147 327 2180; x_wconf 85' lang='lat' dir='ltr'>a</span> <span class='ocrx_word' id='word_1_142' title='bbox 343 2147 400 2180; x_wconf 89' lang='lat' dir='ltr'>man</span> <span class='ocrx_word' id='word_1_143' title='bbox 417 2130 449 2180; x_wconf 71' lang='lat' dir='ltr'>so&#39;</span> <span class='ocrx_word' id='word_1_144' title='bbox 462 2133 558 2196; x_wconf 88' lang='lat' dir='ltr'>worthy</span> <span class='ocrx_word' id='word_1_145' title='bbox 576 2134 606 2182; x_wconf 83' lang='lat' dir='ltr'>ol</span> <span class='ocrx_word' id='word_1_146' title='bbox 617 2133 656 2181; x_wconf 90' lang='lat' dir='ltr'>his</span> <span class='ocrx_word' id='word_1_147' title='bbox 673 2133 768 2196; x_wconf 85' lang='lat' dir='ltr'>regard.</span> 
     </span>
    </p>
   </div>
   <div class='ocr_carea' id='block_1_7' title="bbox 363 2285 899 2327">
    <p class='ocr_par' dir='ltr' id='par_1_8' title="bbox 363 2285 899 2327">
     <span class='ocr_line' id='line_1_19' title="bbox 363 2285 899 2327; baseline -0.004 -1"><span class='ocrx_word' id='word_1_148' title='bbox 363 2287 387 2327; x_wconf 83' lang='lat' dir='ltr'>C.</span> <span class='ocrx_word' id='word_1_149' title='bbox 410 2287 522 2327; x_wconf 83' lang='lat' dir='ltr'><em>PLINIUS</em></span> <span class='ocrx_word' id='word_1_150' title='bbox 542 2286 623 2327; x_wconf 88' lang='lat' dir='ltr'><em>IULIO</em></span> <span class='ocrx_word' id='word_1_151' title='bbox 644 2287 783 2327; x_wconf 74' lang='lat' dir='ltr'>GENITORI</span> <span class='ocrx_word' id='word_1_152' title='bbox 803 2285 857 2326; x_wconf 86' lang='lat' dir='ltr'>SUO</span> <span class='ocrx_word' id='word_1_153' title='bbox 877 2285 899 2325; x_wconf 86' lang='lat' dir='ltr'>S.</span> 
     </span>
    </p>
   </div>
   <div class='ocr_carea' id='block_1_8' title="bbox 98 2417 1133 3680">
    <p class='ocr_par' dir='ltr' id='par_1_9' title="bbox 98 2417 1133 3680">
     <span class='ocr_line' id='line_1_20' title="bbox 175 2417 1133 2492; baseline 0 -16"><span class='ocrx_word' id='word_1_154' title='bbox 175 2417 229 2478; x_wconf 87' lang='lat' dir='ltr'>Est</span> <span class='ocrx_word' id='word_1_155' title='bbox 258 2419 380 2478; x_wconf 90' lang='lat' dir='ltr'>omnino</span> <span class='ocrx_word' id='word_1_156' title='bbox 404 2418 581 2476; x_wconf 88' lang='lat' dir='ltr'>Artemidori</span> <span class='ocrx_word' id='word_1_157' title='bbox 609 2417 699 2476; x_wconf 91' lang='lat' dir='ltr'>nostri</span> <span class='ocrx_word' id='word_1_158' title='bbox 727 2427 787 2475; x_wconf 88' lang='lat' dir='ltr'>tam</span> <span class='ocrx_word' id='word_1_159' title='bbox 814 2417 942 2492; x_wconf 88' lang='lat' dir='ltr'>benigna</span> <span class='ocrx_word' id='word_1_160' title='bbox 970 2425 1079 2487; x_wconf 83' lang='lat' dir='ltr'>natura,</span> <span class='ocrx_word' id='word_1_161' title='bbox 1101 2429 1133 2476; x_wconf 91' lang='lat' dir='ltr'>ut</span> 
     </span>
     <span class='ocr_line' id='line_1_21' title="bbox 134 2515 1132 2577; baseline -0.003 0"><span class='ocrx_word' id='word_1_162' title='bbox 134 2519 230 2577; x_wconf 85' lang='lat' dir='ltr'>officia</span> <span class='ocrx_word' id='word_1_163' title='bbox 265 2517 424 2575; x_wconf 88' lang='lat' dir='ltr'>amicorum</span> <span class='ocrx_word' id='word_1_164' title='bbox 458 2517 488 2573; x_wconf 93' lang='lat' dir='ltr'>in</span> <span class='ocrx_word' id='word_1_165' title='bbox 520 2517 613 2575; x_wconf 91' lang='lat' dir='ltr'>maius</span> <span class='ocrx_word' id='word_1_166' title='bbox 645 2515 780 2574; x_wconf 87' lang='lat' dir='ltr'>extollat:</span> <span class='ocrx_word' id='word_1_167' title='bbox 816 2515 883 2573; x_wconf 91' lang='lat' dir='ltr'>inde</span> <span class='ocrx_word' id='word_1_168' title='bbox 916 2516 1002 2573; x_wconf 86' lang='lat' dir='ltr'>etiam</span> <span class='ocrx_word' id='word_1_169' title='bbox 1033 2535 1132 2574; x_wconf 90' lang='lat' dir='ltr'>meum</span> 
     </span>
     <span class='ocr_line' id='line_1_22' title="bbox 135 2615 1132 2691; baseline 0 -17"><span class='ocrx_word' id='word_1_170' title='bbox 135 2619 271 2676; x_wconf 86' lang='lat' dir='ltr'>meritum</span> <span class='ocrx_word' id='word_1_171' title='bbox 291 2626 322 2674; x_wconf 94' lang='lat' dir='ltr'>ut</span> <span class='ocrx_word' id='word_1_172' title='bbox 336 2634 402 2673; x_wconf 87' lang='lat' dir='ltr'>vera</span> <span class='ocrx_word' id='word_1_173' title='bbox 421 2615 460 2673; x_wconf 90' lang='lat' dir='ltr'>ita</span> <span class='ocrx_word' id='word_1_174' title='bbox 480 2633 567 2690; x_wconf 93' lang='lat' dir='ltr'>supra</span> <span class='ocrx_word' id='word_1_175' title='bbox 581 2616 716 2672; x_wconf 90' lang='lat' dir='ltr'>meritum</span> <span class='ocrx_word' id='word_1_176' title='bbox 731 2615 945 2691; x_wconf 86' lang='lat' dir='ltr'>praedicatione</span> <span class='ocrx_word' id='word_1_177' title='bbox 961 2615 1132 2674; x_wconf 80' lang='lat' dir='ltr'>circumfert</span> 
     </span>
     <span class='ocr_line' id='line_1_23' title="bbox 134 2704 1132 2792; baseline 0 -20"><span class='ocrx_word' id='word_1_178' title='bbox 134 2715 289 2792; x_wconf 90' lang='lat' dir='ltr'>Equidem,</span> <span class='ocrx_word' id='word_1_179' title='bbox 305 2732 372 2772; x_wconf 89' lang='lat' dir='ltr'>cum</span> <span class='ocrx_word' id='word_1_180' title='bbox 392 2704 489 2772; x_wconf 86' lang='lat' dir='ltr'>essent</span> <span class='ocrx_word' id='word_1_181' title='bbox 508 2713 674 2789; x_wconf 90' lang='lat' dir='ltr'>philosophi</span> <span class='ocrx_word' id='word_1_182' title='bbox 694 2715 731 2771; x_wconf 89' lang='lat' dir='ltr'>ab</span> <span class='ocrx_word' id='word_1_183' title='bbox 749 2713 819 2771; x_wconf 91' lang='lat' dir='ltr'>urbe</span> <span class='ocrx_word' id='word_1_184' title='bbox 839 2713 984 2783; x_wconf 90' lang='lat' dir='ltr'>summoti,</span> <span class='ocrx_word' id='word_1_185' title='bbox 999 2713 1039 2770; x_wconf 90' lang='lat' dir='ltr'>sui</span> <span class='ocrx_word' id='word_1_186' title='bbox 1054 2715 1132 2789; x_wconf 93' lang='lat' dir='ltr'>apud</span> 
     </span>
     <span class='ocr_line' id='line_1_24' title="bbox 111 2810 1132 2890; baseline -0.001 -19"><span class='ocrx_word' id='word_1_187' title='bbox 111 2814 217 2890; x_wconf 85' lang='lat' dir='ltr'>5illum</span> <span class='ocrx_word' id='word_1_188' title='bbox 237 2814 267 2871; x_wconf 90' lang='lat' dir='ltr'>in</span> <span class='ocrx_word' id='word_1_189' title='bbox 287 2814 463 2882; x_wconf 87' lang='lat' dir='ltr'>suburban0,</span> <span class='ocrx_word' id='word_1_190' title='bbox 482 2820 510 2868; x_wconf 90' lang='lat' dir='ltr'>et</span> <span class='ocrx_word' id='word_1_191' title='bbox 532 2830 590 2887; x_wconf 94' lang='lat' dir='ltr'>quo</span> <span class='ocrx_word' id='word_1_192' title='bbox 611 2811 774 2881; x_wconf 89' lang='lat' dir='ltr'>notabilius,</span> <span class='ocrx_word' id='word_1_193' title='bbox 794 2810 850 2869; x_wconf 92' lang='lat' dir='ltr'>hoc</span> <span class='ocrx_word' id='word_1_194' title='bbox 871 2820 914 2869; x_wconf 92' lang='lat' dir='ltr'>est</span> <span class='ocrx_word' id='word_1_195' title='bbox 936 2811 1132 2887; x_wconf 69' lang='lat' dir='ltr'>periculosius</span> 
     </span>
     <span class='ocr_line' id='line_1_25' title="bbox 135 2909 1132 2986; baseline -0.005 -15"><span class='ocrx_word' id='word_1_196' title='bbox 135 2911 220 2982; x_wconf 79' lang='lat' dir='ltr'>es&#39;set,</span> <span class='ocrx_word' id='word_1_197' title='bbox 242 2911 282 2969; x_wconf 84' lang='lat' dir='ltr'>fui</span> <span class='ocrx_word' id='word_1_198' title='bbox 303 2921 425 2986; x_wconf 85' lang='lat' dir='ltr'>praetor.</span> <span class='ocrx_word' id='word_1_199' title='bbox 468 2910 625 2968; x_wconf 87' lang='lat' dir='ltr'>Pecuniam</span> <span class='ocrx_word' id='word_1_200' title='bbox 647 2911 743 2980; x_wconf 88' lang='lat' dir='ltr'>etiam,</span> <span class='ocrx_word' id='word_1_201' title='bbox 764 2927 822 2984; x_wconf 94' lang='lat' dir='ltr'>qua</span> <span class='ocrx_word' id='word_1_202' title='bbox 843 2918 912 2968; x_wconf 91' lang='lat' dir='ltr'>tunc</span> <span class='ocrx_word' id='word_1_203' title='bbox 932 2909 971 2967; x_wconf 93' lang='lat' dir='ltr'>illi</span> <span class='ocrx_word' id='word_1_204' title='bbox 992 2911 1132 2986; x_wconf 90' lang='lat' dir='ltr'>ampliore</span> 
     </span>
     <span class='ocr_line' id='line_1_26' title="bbox 136 3008 1131 3087; baseline -0.004 -18"><span class='ocrx_word' id='word_1_205' title='bbox 136 3029 210 3087; x_wconf 91' lang='lat' dir='ltr'>opus</span> <span class='ocrx_word' id='word_1_206' title='bbox 232 3019 300 3078; x_wconf 87' lang='lat' dir='ltr'>erat,</span> <span class='ocrx_word' id='word_1_207' title='bbox 322 3018 353 3067; x_wconf 92' lang='lat' dir='ltr'>ut</span> <span class='ocrx_word' id='word_1_208' title='bbox 381 3027 430 3066; x_wconf 90' lang='lat' dir='ltr'>aes</span> <span class='ocrx_word' id='word_1_209' title='bbox 458 3009 583 3066; x_wconf 87' lang='lat' dir='ltr'>alienum</span> <span class='ocrx_word' id='word_1_210' title='bbox 612 3008 772 3066; x_wconf 82' lang='lat' dir='ltr'>exsolveret</span> <span class='ocrx_word' id='word_1_211' title='bbox 800 3018 981 3066; x_wconf 85' lang='lat' dir='ltr'>contractum</span> <span class='ocrx_word' id='word_1_212' title='bbox 1006 3027 1041 3066; x_wconf 86' lang='lat' dir='ltr'>ex</span> <span class='ocrx_word' id='word_1_213' title='bbox 1069 3008 1131 3084; x_wconf 93' lang='lat' dir='ltr'>pul·</span> 
     </span>
     <span class='ocr_line' id='line_1_27' title="bbox 137 3106 1132 3181; baseline -0.004 -13"><span class='ocrx_word' id='word_1_214' title='bbox 137 3110 284 3168; x_wconf 88' lang='lat' dir='ltr'>cherrimis</span> <span class='ocrx_word' id='word_1_215' title='bbox 299 3110 402 3177; x_wconf 90' lang='lat' dir='ltr'>causis,</span> <span class='ocrx_word' id='word_1_216' title='bbox 416 3107 612 3165; x_wconf 90' lang='lat' dir='ltr'>mussantibus</span> <span class='ocrx_word' id='word_1_217' title='bbox 631 3107 747 3180; x_wconf 88' lang='lat' dir='ltr'>magnis</span> <span class='ocrx_word' id='word_1_218' title='bbox 766 3106 939 3181; x_wconf 85' lang='lat' dir='ltr'>quibusdam</span> <span class='ocrx_word' id='word_1_219' title='bbox 959 3116 987 3164; x_wconf 92' lang='lat' dir='ltr'>et</span> <span class='ocrx_word' id='word_1_220' title='bbox 1006 3106 1132 3181; x_wconf 92' lang='lat' dir='ltr'>locuple-</span> 
     </span>
     <span class='ocr_line' id='line_1_28' title="bbox 137 3202 1131 3280; baseline -0.005 -14"><span class='ocrx_word' id='word_1_221' title='bbox 137 3209 213 3267; x_wconf 92' lang='lat' dir='ltr'>tibus</span> <span class='ocrx_word' id='word_1_222' title='bbox 227 3208 327 3266; x_wconf 88' lang='lat' dir='ltr'>amicis</span> <span class='ocrx_word' id='word_1_223' title='bbox 341 3215 486 3264; x_wconf 86' lang='lat' dir='ltr'>mutuatus</span> <span class='ocrx_word' id='word_1_224' title='bbox 500 3206 563 3280; x_wconf 93' lang='lat' dir='ltr'>ipse</span> <span class='ocrx_word' id='word_1_225' title='bbox 582 3205 735 3280; x_wconf 88' lang='lat' dir='ltr'>gratuitam</span> <span class='ocrx_word' id='word_1_226' title='bbox 751 3204 826 3263; x_wconf 91' lang='lat' dir='ltr'>dedi.</span> <span class='ocrx_word' id='word_1_227' title='bbox 867 3205 964 3280; x_wconf 86' lang='lat' dir='ltr'>Atque</span> <span class='ocrx_word' id='word_1_228' title='bbox 980 3204 1051 3261; x_wconf 88' lang='lat' dir='ltr'>haec</span> <span class='ocrx_word' id='word_1_229' title='bbox 1066 3202 1131 3276; x_wconf 84' lang='lat' dir='ltr'>ieci,</span> 
     </span>
     <span class='ocr_line' id='line_1_29' title="bbox 98 3302 1131 3382; baseline -0.005 -16"><span class='ocrx_word' id='word_1_230' title='bbox 98 3325 204 3372; x_wconf 69' lang='lat' dir='ltr'>mcum</span> <span class='ocrx_word' id='word_1_231' title='bbox 233 3316 345 3382; x_wconf 90' lang='lat' dir='ltr'>septem</span> <span class='ocrx_word' id='word_1_232' title='bbox 373 3305 473 3363; x_wconf 88' lang='lat' dir='ltr'>amicis</span> <span class='ocrx_word' id='word_1_233' title='bbox 500 3304 573 3360; x_wconf 89' lang='lat' dir='ltr'>meis</span> <span class='ocrx_word' id='word_1_234' title='bbox 599 3311 648 3360; x_wconf 93' lang='lat' dir='ltr'>aut</span> <span class='ocrx_word' id='word_1_235' title='bbox 668 3304 772 3360; x_wconf 90' lang='lat' dir='ltr'>occisis</span> <span class='ocrx_word' id='word_1_236' title='bbox 794 3314 842 3360; x_wconf 89' lang='lat' dir='ltr'>aut</span> <span class='ocrx_word' id='word_1_237' title='bbox 865 3302 1006 3376; x_wconf 86' lang='lat' dir='ltr'>relegatis,</span> <span class='ocrx_word' id='word_1_238' title='bbox 1027 3303 1131 3361; x_wconf 91' lang='lat' dir='ltr'>occisis</span> 
     </span>
     <span class='ocr_line' id='line_1_30' title="bbox 138 3397 1133 3476; baseline -0.008 -11"><span class='ocrx_word' id='word_1_239' title='bbox 138 3405 300 3465; x_wconf 90' lang='lat' dir='ltr'>Senecione</span> <span class='ocrx_word' id='word_1_240' title='bbox 315 3403 436 3460; x_wconf 87' lang='lat' dir='ltr'>Rustico</span> <span class='ocrx_word' id='word_1_241' title='bbox 455 3401 600 3470; x_wconf 89' lang='lat' dir='ltr'>Helvidio,</span> <span class='ocrx_word' id='word_1_242' title='bbox 616 3400 749 3476; x_wconf 88' lang='lat' dir='ltr'>relegatis</span> <span class='ocrx_word' id='word_1_243' title='bbox 769 3401 901 3458; x_wconf 85' lang='lat' dir='ltr'>Maurico</span> <span class='ocrx_word' id='word_1_244' title='bbox 917 3397 1036 3458; x_wconf 88' lang='lat' dir='ltr'>Gratilla</span> <span class='ocrx_word' id='word_1_245' title='bbox 1051 3399 1133 3458; x_wconf 88' lang='lat' dir='ltr'>Arria</span> 
     </span>
     <span class='ocr_line' id='line_1_31' title="bbox 137 3499 1133 3575; baseline -0.007 -12"><span class='ocrx_word' id='word_1_246' title='bbox 137 3505 257 3573; x_wconf 89' lang='lat' dir='ltr'>Fannia,</span> <span class='ocrx_word' id='word_1_247' title='bbox 275 3513 318 3560; x_wconf 92' lang='lat' dir='ltr'>tot</span> <span class='ocrx_word' id='word_1_248' title='bbox 337 3503 414 3560; x_wconf 90' lang='lat' dir='ltr'>circa</span> <span class='ocrx_word' id='word_1_249' title='bbox 435 3520 482 3560; x_wconf 89' lang='lat' dir='ltr'>me</span> <span class='ocrx_word' id='word_1_250' title='bbox 501 3500 583 3558; x_wconf 89' lang='lat' dir='ltr'>iactis</span> <span class='ocrx_word' id='word_1_251' title='bbox 602 3499 769 3558; x_wconf 81' lang='lat' dir='ltr'>fulminibus</span> <span class='ocrx_word' id='word_1_252' title='bbox 791 3499 872 3575; x_wconf 90' lang='lat' dir='ltr'>quasi</span> <span class='ocrx_word' id='word_1_253' title='bbox 891 3499 1041 3557; x_wconf 83' lang='lat' dir='ltr'>ambustus</span> <span class='ocrx_word' id='word_1_254' title='bbox 1061 3499 1133 3556; x_wconf 92' lang='lat' dir='ltr'>mihi</span> 
     </span>
     <span class='ocr_line' id='line_1_32' title="bbox 138 3596 1130 3680; baseline -0.007 -20"><span class='ocrx_word' id='word_1_255' title='bbox 138 3619 256 3680; x_wconf 92' lang='lat' dir='ltr'>quoque</span> <span class='ocrx_word' id='word_1_256' title='bbox 288 3600 446 3677; x_wconf 86' lang='lat' dir='ltr'>inpendere</span> <span class='ocrx_word' id='word_1_257' title='bbox 474 3599 552 3658; x_wconf 91' lang='lat' dir='ltr'>idem</span> <span class='ocrx_word' id='word_1_258' title='bbox 583 3599 700 3658; x_wconf 82' lang='lat' dir='ltr'>exitium</span> <span class='ocrx_word' id='word_1_259' title='bbox 733 3599 817 3657; x_wconf 90' lang='lat' dir='ltr'>certis</span> <span class='ocrx_word' id='word_1_260' title='bbox 849 3596 1024 3673; x_wconf 85' lang='lat' dir='ltr'>quibusdam</span> <span class='ocrx_word' id='word_1_261' title='bbox 1054 3598 1130 3654; x_wconf 88' lang='lat' dir='ltr'>notis</span> 
     </span>
    </p>
   </div>
   <div class='ocr_carea' id='block_1_9' title="bbox 0 0 1328 3914">
    <p class='ocr_par' dir='ltr' id='par_1_10' title="bbox 0 0 1328 3914">
     <span class='ocr_line' id='line_1_33' title="bbox 0 0 1328 3914; baseline 0 0"><span class='ocrx_word' id='word_1_262' title='bbox 0 0 1328 3914; x_wconf 95' lang='lat' dir='ltr'> </span> 
     </span>
    </p>
   </div>
  </div>
 </body>
</html>
