2646 3914
192 169 350 218 LETTERS
374 170 417 217 OE
439 169 467 218 C.
484 169 631 217 PLINIUS
656 167 845 217 CAECILIUS
866 169 1058 218 SECUNDUS.
1105 155 1146 236 67

144 348 217 406 pora
231 329 356 405 petebat,
372 328 452 404 quod
466 329 615 390 audituros
630 331 811 405 corrogabat.
858 329 939 403 Quid
953 330 1031 388 enirn
1045 329 1147 388 iucun-

143 428 217 499 dius,
232 447 321 504 quam
343 430 397 487 sub
418 428 532 487 alterius
553 429 659 486 invidia
681 447 770 506 quam
792 428 840 486 diu
859 429 928 487 velis
949 437 978 486 et
998 430 1028 486 in
1050 429 1145 486 alieno

143 528 286 586 auditorio
301 529 382 604 quasi
398 527 610 604 deprehensum
626 527 784 586 commode
799 528 914 586 dicere?
956 527 1014 585 Sed
1034 537 1146 586 utcum-

143 644 202 701 que
225 644 255 684 se
277 626 384 685 habent
405 627 465 697 ista,
488 626 562 684 bene
584 625 651 684 feeit
671 624 803 700 Regulus
825 624 906 700 quod
931 635 975 683 est
996 635 1143 699 mortuus;

9 717 10 720 ’
102 740 132 789 15
143 725 254 796 melius,
270 727 294 783 si
309 737 385 785 ante.
428 725 516 784 Nunc
532 726 610 784 enim
625 743 695 783 sane
715 734 828 800 poterat
848 724 910 782 sine
930 724 1008 782 malo
1027 726 1145 801 publico

143 824 237 882 vivere
252 826 306 882 sub
321 843 357 883 eo
371 824 511 901 principe,
523 825 577 882 sub
593 842 651 902 quo
667 841 774 882 nocere
785 841 847 880 non
858 832 979 900 poterat.
1016 822 1090 882 Ideo
1101 824 1147 883 fas

143 932 186 980 est
200 941 262 980 non
277 942 438 1000 numquam
454 941 521 981 eum
541 941 686 1000 quaerere.
729 923 807 980 Nam
827 932 984 999 postquam
1004 924 1076 981 obiit
1089 924 1144 996 ille,

143 1021 300 1080 increbruit
320 1022 428 1098 passim
450 1032 478 1079 et
499 1021 617 1081 invaluit
638 1022 821 1082 consuetudo
846 1020 929 1079 binas
951 1021 995 1080 vel
1016 1021 1144 1098 singulas

143 1119 320 1196 clepsydras,
341 1120 485 1178 interdum
507 1121 595 1179 etiam
620 1120 763 1193 dimidias,
786 1129 813 1178 et
838 1121 931 1180 dandi·
958 1131 986 1178 et
1014 1121 1143 1200 petendi.

99 1233 134 1267 20
144 1217 223 1276 Nam
237 1227 266 1276 et
281 1218 331 1294 qui
345 1219 446 1276 dicunt
460 1219 554 1295 egisse
572 1219 685 1277 malunt
703 1237 793 1296 quarn
814 1238 899 1296 agere
918 1230 946 1277 et
961 1221 1010 1296 qui
1025 1219 1144 1279 audiunt

142 1317 225 1374 finire
240 1334 328 1392 quam
343 1315 476 1376 iudicare.
514 1315 611 1374 Tanta
626 1317 818 1393 neglegentia,
834 1327 914 1376 tanta
928 1317 1047 1388 desidia,
1062 1327 1143 1378 tanta

143 1414 269 1490 denique
284 1415 474 1473 inreverentia
488 1416 648 1474 studiorum
662 1415 915 1494 periculorumque
929 1427 980 1476 est.
1025 1417 1073 1476 An
1088 1435 1144 1476 nos

143 1513 331 1588 sapientiores
355 1514 512 1571 maioribus
537 1514 651 1577 nostris,
677 1531 732 1570 nos
760 1514 872 1590 legibus
897 1515 967 1592 ipsis
1001 1516 1143 1586 iustiores

142 1628 218 1686 quae
233 1621 276 1670 tot
295 1612 391 1682 horas,
405 1621 449 1670 tot
468 1612 537 1682 dies,
553 1620 596 1669 tot
617 1611 941 1686 comperendinationes
963 1613 1142 1689 largiuntur?

102 1721 131 1770 25
143 1707 276 1768 Hebetes
301 1711 339 1768 illi
364 1720 393 1768 et
415 1728 502 1785 supra
525 1711 647 1768 modum
672 1709 755 1780 tardi,
779 1727 835 1768 nos
861 1712 985 1785 apertius
1012 1712 1143 1782 dicimus,

143 1808 264 1866 celerius
282 1808 485 1884 intellegimus,
504 1808 666 1883 religiosius
685 1808 853 1880 iudicamus,
869 1809 937 1883 quia
956 1810 1142 1886 paucioribus

142 1895 300 1983 clepsydris
315 1907 539 1983 praecipitamus
559 1925 670 1978 causas,
685 1925 774 1983 quam
793 1907 899 1966 diebus
915 1908 1052 1983 explicari
1068 1909 1142 1966 sole-

141 2007 232 2065 bant?
274 2006 302 2066 Ο
317 2006 440 2082 Regule,
455 2008 505 2082 qui
519 2008 676 2065 ambitione
692 2009 729 2064 ab
744 2008 879 2065 omnibus
894 2008 1047 2066 obtinebas
1061 2009 1142 2085 quod

141 2105 210 2162 fidei
228 2105 394 2180 paucissimi
414 2107 581 2179 praestant?
623 2104 768 2180 Equidem
788 2106 922 2181 quotiens
941 2106 1046 2176 iudico,
1063 2108 1142 2185 quod

99 2225 133 2272 30
142 2203 187 2260 vel
200 2189 316 2279 saepius
331 2203 414 2274 facio,
426 2221 514 2279 quarn
528 2203 604 2272 dico,
616 2211 757 2277 quantum
768 2205 833 2278 quis
844 2203 999 2279 plurimum
1015 2206 1142 2280 postulat

141 2321 234 2378 aquae
249 2302 297 2360 d0.
339 2301 457 2359 Etenim
471 2303 655 2359 temerarium
669 2303 803 2360 existimo
823 2301 957 2370 divinare,
972 2320 1060 2376 quam
1075 2321 1141 2378 spa·

140 2401 215 2458 tiosa
243 2401 279 2458 sit
306 2419 395 2459 causa
422 2400 558 2469 inaudita,
587 2408 761 2476 tempusque
790 2399 910 2474 negotio
940 2399 1030 2472 finire,
1059 2401 1141 2459 cuius

140 2499 263 2556 modum
277 2499 403 2575 ignores,
418 2498 587 2575 praesertim
601 2517 669 2556 cum
682 2499 806 2573 primam
821 2498 953 2574 religioni
967 2516 1037 2556 suae
1047 2499 1139 2558 iudex

140 2598 310 2674 patientiam
325 2598 436 2668 debeat,
453 2615 527 2673 quae
545 2615 613 2673 pars
631 2615 741 2672 magna
760 2597 882 2656 iustitiae
896 2606 948 2655 est.
992 2597 1033 2654 At
1052 2615 1141 2674 quae·

99 2714 130 2763 35
141 2697 210 2754 dam
225 2714 401 2771 supervacua
416 2696 557 2754 dicuntur.
598 2695 711 2754 Etiam:
734 2696 785 2754 sed
797 2696 885 2754 satius
898 2706 980 2754 estet
991 2695 1064 2754 haee
1075 2697 1141 2766 dici,

142 2813 231 2871 quam
255 2811 316 2851 non
338 2794 393 2851 dici
415 2793 585 2852 necessaria.
636 2794 788 2852 Praeterea
808 2813 847 2852 an
872 2793 929 2851 sint
954 2812 1141 2870 supervacua,

141 2893 196 2950 nisi
218 2911 287 2950 cum
312 2892 444 2962 audieris,
467 2893 539 2950 scire
564 2910 624 2950 non
652 2894 756 2968 possis.
814 2891 872 2950 Sed
901 2892 937 2974 de
964 2891 1009 2950 his
1037 2893 1141 2951 melius

139 3008 250 3060 coram,
265 2999 297 3047 ut
312 2990 348 3047 de
363 2990 491 3065 pluribus
505 2990 579 3048 vitiis
600 2991 731 3050 civitatis.
763 2990 842 3048 Nam
861 2999 893 3049 tu
908 3009 1026 3067 quoque
1041 3009 1141 3049 amore

141 3089 344 3148 communium
379 3089 456 3147 soles
491 3088 640 3147 emendari
668 3107 775 3164 cupere
803 3109 878 3166 quae
912 3089 971 3147 iam
1000 3090 1142 3164 corrigere

98 3205 132 3254 40
141 3187 256 3246 difficile
284 3197 335 3246 est.
387 3186 475 3244 Nunc
503 3189 692 3263 respiciamus
718 3187 824 3246 domos
852 3199 975 3246 nostras
1027 3187 1142 3263 Ecquid

139 3286 242 3344 omnia
263 3286 293 3342 in
314 3296 363 3344 tua
383 3286 481 3343 recte?
523 3285 559 3343 In
586 3305 654 3344 mea
681 3286 749 3343 novi
773 3287 850 3344 nihil.
894 3286 968 3343 Mihi
993 3295 1090 3342 autem
1114 3295 1141 3342 et

139 3385 266 3461 gratiora
280 3394 348 3443 sunt
360 3386 448 3455 bona,
464 3384 544 3460 quod
563 3394 756 3461 perseverant,
771 3395 800 3443 et
817 3386 924 3444 leviora
942 3384 1140 3455 incommoda,

139 3482 223 3560 quod
237 3483 364 3542 adsuevi.
406 3482 488 3542 Vale.

614 3601 663 3640 ra
