2646 3914
173 150 214 236 38
442 163 464 212 A
488 164 684 214 srrxcrrorv
702 163 806 214 raon
826 162 897 212 rna

172 322 380 399 melioremque
408 323 560 382 florentem
592 334 678 400 atque
710 324 797 383 etiam
830 322 1012 383 consularem
1044 321 1166 399 reliquit.

171 420 311 480 Laeserat
327 421 435 480 sarnam
453 440 536 480 suam
553 423 607 481 sub
627 422 755 494 Nerone,
771 422 941 482 credebatur
959 431 1063 497 sponte
1080 440 1166 480 accu-

172 537 270 592 sasse;
307 520 359 579 sed
393 520 424 578 in
455 519 551 579 Vitelli
587 521 711 581 amicitia
745 522 888 598 sapienter
922 539 954 580 se
985 528 1014 578 et
1045 520 1166 579 comiter

169 628 306 693 gesserat,
348 638 383 677 ex
423 621 631 696 proconsulatu
671 619 759 679 Asiae
798 619 921 695 gloriam
961 627 1164 694 reportaverat,

169 719 314 776 maculam
343 720 445 778 veteris
477 720 632 779 industriae
662 718 798 778 laudabili
828 719 888 776 otio
920 717 1055 776 abluerat.
1098 715 1164 775 Fuit
1176 740 1207 774 ιο

169 815 243 874 inter
264 818 408 895 principes
429 818 548 877 civitatis
576 818 639 876 sine
659 817 797 895 potentia,
820 816 882 875 sine
903 815 1029 874 invidia:
1058 814 1163 873 saluta·

168 916 259 987 batur,
273 918 420 976 colebatur
433 919 614 993 multumque
628 918 658 974 in
672 915 778 975 lectulo
789 916 888 973 iacens
902 914 1036 973 eubiculo
1047 932 1163 990 semper

167 1032 229 1073 non
243 1035 279 1074 ex
295 1016 408 1075 fortuna
429 1015 570 1090 frequenti
584 1015 758 1074 doctissimis
777 1014 960 1072 sermonibus
979 1012 1041 1071 dies
1059 1014 1163 1071 transi-

167 1115 263 1189 gebat,
278 1132 347 1174 cum
365 1133 383 1171 a
401 1113 553 1171 scribendo
571 1123 693 1174 vacaret
736 1111 884 1171 Scribebat
904 1111 1032 1169 carmina
1052 1111 1161 1169 maiore

167 1231 235 1272 cura
253 1231 342 1288 quam
361 1212 489 1288 ingenio,
504 1231 565 1271 non
586 1229 746 1288 numquam
767 1211 871 1268 iudicia
889 1208 1042 1268 hominum
1061 1209 1160 1268 recita·
1172 1231 1202 1280 15

166 1310 294 1368 tionibus
315 1310 524 1386 experiebatur.
565 1309 730 1368 Novissime
751 1309 791 1368 ita
811 1308 997 1367 suadentibus
1018 1307 1103 1366 annis
1123 1309 1160 1366 ab

166 1409 237 1465 urbe
266 1409 384 1467 secessit
412 1426 501 1483 seque
529 1407 559 1465 in
589 1406 749 1484 Campania
776 1408 876 1480 tenuit,
905 1425 939 1465 ac
967 1426 1004 1471 ne
1035 1406 1160 1464 adventu

166 1506 284 1582 quidem
303 1507 370 1564 novi
389 1507 528 1583 principis
546 1506 614 1565 inde
629 1517 792 1566 commotus
807 1516 859 1565 est.
901 1506 1013 1582 Magna
1027 1505 1159 1564 Caesaris

164 1603 235 1675 laus,
251 1607 305 1665 sub
319 1625 379 1682 quo
393 1606 449 1665 hoc
464 1606 584 1663 liberum
599 1604 658 1676 suit,
673 1624 780 1681 magna
799 1605 881 1677 illius,
896 1606 945 1682 qui
962 1606 1017 1664 hac
1030 1604 1158 1664 libertate

163 1721 250 1762 ausus
264 1715 308 1763 est
321 1705 371 1764 uti.
411 1705 482 1762 Erat
498 1709 640 1775 φιλόκαλος
659 1723 750 1780 usque
770 1704 806 1764 ad
823 1703 983 1764 emacitatis
1003 1702 1157 1779 reprehen·
1170 1723 1201 1756 20

163 1803 285 1862 sionem.
327 1803 426 1862 Plures
445 1804 537 1862 isdem
555 1804 585 1861 in
599 1803 670 1861 locis
683 1802 763 1862 villas
779 1803 946 1878 possidebat
960 1801 1157 1877 adamatisque

163 1903 247 1960 novis
266 1902 376 1976 priores
391 1901 572 1978 neglegebat.
613 1900 739 1959 Multum
753 1901 859 1976 ubique
873 1901 1018 1971 librorum,
1034 1900 1157 1958 multum

163 2010 329 2071 statuarum,
357 2000 479 2058 multum
514 2000 682 2076 imaginum,
711 2017 783 2074 quas
818 2017 879 2057 non
909 1998 1036 2058 habebat
1066 1999 1157 2057 modo

161 2115 262 2156 verum
280 2099 367 2157 etiam
381 2100 577 2170 venerabatur,
591 2097 702 2176 Vergili
720 2106 785 2155 ante
803 2114 914 2167 omnes,
929 2099 1011 2156 cuius
1030 2098 1156 2156 natalem

155 2196 323 2272 ‚religiosius
351 2215 439 2273 quam
472 2215 558 2255 suum
586 2197 757 2267 celebrabat,
787 2195 911 2272 Neapoli
943 2197 1078 2268 maxime,
1106 2197 1198 2264 ubi25

160 2297 373 2353 monimentum
391 2296 453 2354 eius
474 2295 552 2354 adire
569 2305 600 2354 ut
622 2295 762 2372 templum
784 2295 903 2354 solebat.
947 2295 983 2353 ln
1003 2294 1057 2354 hac
1079 2306 1157 2354 tran·

160 2393 297 2468 quillitate
336 2412 446 2452 annum
485 2395 618 2469 quintum
653 2405 682 2451 et
721 2394 989 2470 septuagensimum
1024 2396 1153 2465 excessit,

159 2490 282 2549 delicato
303 2492 396 2568 magis
418 2509 540 2567 corpore
562 2510 650 2567 quam
671 2492 803 2563 infirmo;
833 2503 921 2567 utque
943 2492 1115 2550 novissimus
1137 2512 1155 2552 a

159 2586 276 2646 Nerone
298 2589 391 2647 sactus
412 2598 455 2648 est
477 2592 587 2661 consul,
610 2591 649 2647 ita
673 2599 836 2665 postremus
862 2609 897 2648 ex
920 2591 1056 2649 omnibus
1077 2595 1153 2666 q‘uos

158 2684 239 2744 Nero
253 2687 388 2746 consules
402 2687 509 2746 fecerat
523 2687 655 2746 decessit.
698 2687 772 2746 illud
787 2688 873 2746 etiam
888 2689 1023 2759 notabile,
1035 2689 1152 2748 ultimus
1163 2706 1197 2752 30

158 2803 194 2841 ex
223 2783 397 2843 Neronianis
423 2786 622 2844 consularibus
643 2786 714 2843 obiit
735 2804 793 2861 quo
815 2786 935 2845 consule
960 2786 1040 2845 Nero
1062 2789 1152 2863 periit.

158 2883 248 2954 Quod
269 2901 317 2940 me
338 2885 538 2943 recordantem
556 2885 715 2961 fragilitatis
735 2883 879 2943 humanae
901 2886 1046 2944 miseratio
1068 2889 1152 2946 subit.

158 2981 238 3053 Quid
267 2982 347 3046 enirn
377 2992 437 3040 tam
465 2983 675 3053 circumcisum,
704 2993 764 3040 tam
792 2984 877 3041 breve
906 3002 993 3060 quam
1026 2983 1152 3044 hominis

157 3081 213 3138 vita
241 3080 430 3154 longissima?
463 3100 501 3139 an
529 3101 589 3140 non
618 3082 727 3141 videtur
754 3081 804 3140 tibi
833 3079 914 3140 Nero
942 3083 1031 3142 modo
1061 3085 1151 3143 modo

156 3178 266 3237 fuisse?
288 3196 356 3236 cum
375 3179 487 3237 interim
507 3181 591 3238 exiis
606 3181 655 3256 qui
675 3180 730 3238 sub
743 3179 791 3238 illo
806 3190 956 3256 gesserant
971 3182 1150 3254 consulatum
1161 3198 1194 3246 35

156 3294 244 3335 nemo
273 3278 330 3336 iam
359 3288 497 3352 superest.
540 3278 728 3354 Quamquam
752 3279 820 3355 quid
841 3279 902 3336 'hoc
924 3279 1030 3338 miror?
1059 3300 1151 3357 nuper

156 3374 191 3432 L.
206 3373 282 3445 Piso,
298 3387 379 3450 pater
394 3375 507 3433 Pisonis
522 3376 594 3434 illius
608 3378 658 3453 qui
673 3397 690 3435 a
704 3377 820 3435 Valerio
835 3377 923 3434 Festo
938 3396 989 3453 per
1003 3395 1150 3438 summum

156 3473 269 3531 facinus
293 3475 323 3532 in
344 3473 443 3533 Africa
464 3475 577 3533 occisus
606 3485 658 3546 est,
679 3476 775 3534 dicere
803 3474 915 3532 solebat
943 3477 1088 3534 neminem
1118 3498 1150 3538 se

155 3570 251 3631 videre
272 3572 303 3630 in
331 3583 430 3634 senatu
452 3592 540 3652 quem
562 3573 664 3633 consul
692 3575 754 3650 ipse
783 3574 954 3634 sententiam
982 3576 1149 3650 rogavisset.
