2662 3914
202 132 362 182 LETTERS
386 131 431 180 OF
452 131 481 183 C.
497 130 645 178 PLINIUS
668 89 856 178 ennomus
878 128 1071 179 SECUNDUS.
1104 133 1164 200 103

115 307 146 341 20
160 285 234 348 liber
245 290 366 366 legitur:
396 298 463 366 post
482 307 585 347 cenam
604 287 766 347 comoedus
786 297 834 345 aut
852 287 980 363 lyristes:
1009 305 1080 346 mox
1095 303 1163 345 curn

160 391 234 448 meis
257 389 386 460 ambulo,
408 407 535 465 quorum
559 389 590 446 in
612 405 736 445 numero
759 397 826 445 sunt
849 387 959 445 eruditi.
1009 385 1055 445 Ita
1078 387 1163 444 variis

161 490 345 547 sermonibus
372 507 492 564 vespera
519 467 681 546 extenditur
712 495 741 545 et
768 504 947 562 quamquam
975 486 1163 562 longissimus

162 587 224 644 dies
250 587 308 645 cito
331 587 473 646 conditur.
516 586 588 644 Non
616 602 776 660 numquam
800 603 837 642 ex
860 585 916 642 hoc
941 585 1043 643 ordine
1068 585 1165 660 aliqua

161 694 315 743 mutantur.
366 684 446 743 Nam
471 684 495 743 si
520 685 569 743 diu
592 683 667 742 iacui
690 684 735 741 vel
759 683 911 754 ambulavi,
934 692 1002 759 post
1027 701 1165 741 somnum

115 803 146 850 25
163 782 283 841 demum
303 783 516 859 lectionemque
538 800 600 841 non
618 781 760 852 vehiculo,
776 782 828 839 sed
849 781 930 857 quod
951 781 1075 852 brevius
1095 783 1164 858 quia

161 881 299 950 velocius
314 899 390 957 equo
412 892 519 956 gestor.
561 880 761 938 Interveniunt
780 880 867 938 amici
888 898 925 938 ex
945 880 1087 955 proximis
1109 897 1163 955 op·

161 980 238 1056 pidis
258 989 429 1056 partemque
450 978 506 1038 diei
527 980 565 1039 ad
587 997 618 1038 se
639 979 756 1037 trahunt
776 977 978 1053 interdumque
995 978 1073 1037 lasso
1091 977 1163 1036 mihi

161 1086 329 1153 opportuna
343 1077 571 1154 interpellatione
586 1076 768 1136 subveniunt.
811 1074 913 1134 Venor
928 1075 1093 1152 aliquando
1109 1076 1162 1134 sed

161 1194 223 1234 non
248 1176 311 1236 sine
336 1177 530 1252 pugillaribus
551 1185 592 1248 ut,
607 1176 738 1252 quamvis
760 1174 831 1232 nihil
852 1176 987 1251 ceperim,
1008 1192 1070 1232 non
1091 1174 1163 1232 nihil

114 1295 148 1342 30
161 1274 292 1333 referam.
347 1275 441 1334 Datur
475 1285 504 1332 et
539 1255 674 1346 colonis*
688 1283 719 1331 ut
754 1274 866 1331 videtur
897 1273 976 1348 ipsis,
1004 1291 1066 1332 non
1094 1273 1164 1332 satis

161 1374 310 1450 temporis,
336 1391 462 1450 quorum
489 1372 560 1430 mihi
588 1381 716 1448 agrestes
741 1371 884 1446 querellae
913 1371 1019 1431 litteras
1048 1382 1162 1431 nostras

160 1481 189 1530 et
204 1471 276 1530 haec
291 1472 401 1530 urbana
415 1489 505 1548 opera
519 1471 736 1530 commendant.
780 1468 863 1528 Vale.
903 1483 904 1486 ’

483 1660 534 1713 as.
579 1650 708 1732 (soor
730 1670 756 1726 9.
782 1649 842 1729 37.)

194 1791 267 1855 Pliny
277 1795 377 1842 excuses
388 1791 491 1841 himself
504 1793 569 1841 from
580 1791 654 1855 being
670 1798 766 1856 present
778 1797 804 1840 at
816 1790 939 1840 Paulinus’
950 1791 1123 1856 inauguration
1134 1809 1162 1841 as

160 1875 253 1932 consul,
270 1893 298 1926 as
314 1875 346 1925 he
362 1876 384 1924 is
400 1876 512 1940 engaged
528 1877 554 1925 in
577 1875 734 1940 rearranging
750 1875 793 1925 the
809 1882 884 1925 terms
903 1875 935 1925 of
949 1883 1053 1939 tenancy
1069 1892 1102 1925 on
1123 1876 1163 1926 his

160 1965 258 2008 estates,

453 2046 477 2087 C.
499 2045 611 2086 PLINIUS
631 2046 757 2087 PAULINO
780 2046 835 2087 SUO
855 2045 877 2086 S.

198 2157 268 2222 ¹Nec
297 2167 364 2216 tuae
390 2169 508 2217 naturae
531 2168 575 2217 est
596 2158 770 2218 translaticia
792 2159 864 2217 haec
890 2169 918 2218 et
942 2160 1024 2235 quasi
1048 2159 1165 2236 publica

162 2255 258 2315 officia
285 2275 302 2314 a
331 2257 518 2315 familiaribus
546 2257 646 2314 amicis
681 2267 783 2314 contra
810 2258 942 2332 ipsorum
971 2259 1162 2317 commodum

162 2356 287 2430 exigere,
303 2367 331 2414 et
345 2373 402 2430 ego
417 2365 446 2414 te
461 2355 641 2414 constantius
662 2373 739 2425 amc,
755 2373 844 2430 quam
863 2364 894 2412 ut
907 2373 1006 2413 verear
1025 2375 1062 2414 ne
1083 2357 1164 2414 aliter

162 2471 197 2511 ac
218 2454 303 2512 velim
325 2453 460 2528 accipias
482 2454 538 2512 nisi
558 2462 586 2511 te
607 2452 739 2511 kalendis
764 2453 859 2511 statim
881 2455 1032 2513 consulem
1054 2456 1162 2526 videro,

133 2575 147 2624 5
162 2554 330 2629 praesertim
346 2571 412 2610 cum
426 2571 475 2610 me
490 2553 647 2611 necessitas
662 2552 853 2611 locandorum
865 2553 1051 2628 praediorum
1064 2555 1163 2630 plures

162 2668 256 2710 annos
271 2651 438 2710 ordinatura
452 2651 587 2721 detineat,
599 2651 629 2707 in
643 2669 701 2727 qua
713 2651 785 2708 mihi
800 2669 875 2709 nova
886 2651 1006 2710 consilia
1020 2655 1164 2713 sumenda

162 2757 236 2808 sunt.
279 2748 359 2808 Nam
382 2749 478 2824 priore
500 2748 601 2820 lustr0‚
625 2767 802 2824 quamquam
823 2758 892 2825 post
916 2767 1040 2826 magnas
1062 2752 1163 2811 remis-

162 2847 267 2918 siones,
293 2848 404 2924 reliqua
430 2858 598 2906 creverunt:
633 2847 702 2905 inde
730 2847 875 2923 plerisque
902 2848 982 2907 nulla
1008 2850 1067 2907 iam
1095 2869 1164 2908 cura

162 2946 312 3004 minuendi
326 2947 400 3004 aeris
415 2946 509 3016 alieni,
525 2944 605 3021 quod
619 2945 774 3020 desperant
785 2963 874 3020 posse
884 2948 1008 3021 persolvi
1016 2967 1024 3018 ;
1046 2950 1164 3023 rapiunt

117 3072 149 3106 10
162 3047 248 3103 etiam
264 3055 499 3120 consumuntque
519 3043 600 3119 quod
619 3053 720 3102 natum
739 3052 790 3112 est,
806 3052 838 3100 ut
857 3044 906 3119 qui
927 3045 985 3102 iam
1006 3054 1109 3120 putent
1131 3063 1163 3103 se

161 3161 221 3202 non
247 3143 301 3202 sihi
325 3161 453 3219 parcere.
495 3141 717 3200 Occurrendum
745 3159 815 3217 ergo
843 3144 1066 3218 augescentibus
1087 3143 1162 3204 vitiis

161 3252 190 3300 et
208 3241 387 3301 medendum
406 3251 457 3300 est.
501 3239 642 3298 Medendi
661 3257 720 3298 una
737 3241 819 3312 rati0,
840 3241 863 3298 si
882 3259 943 3299 non
963 3258 1093 3312 nummo,
1109 3243 1162 3301 sed

160 3341 299 3417 partibus,
316 3340 411 3398 locem
427 3357 461 3396 ac
477 3337 582 3396 deinde
602 3355 639 3394 ex
659 3338 732 3395 meis
755 3338 868 3414 aliquos
890 3339 987 3414 operis
1009 3348 1162 3400 exactores

160 3438 298 3498 custodes
312 3437 451 3496 fructibus
470 3455 588 3512 ponam.
630 3435 668 3494 Et
687 3437 794 3513 alioqui
813 3437 924 3494 nullum
945 3436 1046 3496 iustius
1067 3455 1164 3513 genus,

25 3571 26 3574 κ
117 3561 146 3614 15
160 3537 279 3604 reditus,
304 3555 392 3613 quarn
421 3536 501 3613 quod
528 3546 603 3595 terra
631 3536 744 3594 caelum
773 3553 866 3595 annus
891 3535 987 3594 refert.
1036 3535 1076 3595 At
1104 3537 1162 3596 hoc
