2646 3914
203 165 363 216 LETTERS
386 169 430 218 OF
453 169 482 220 Ο.
499 170 645 218 PLINIUS
668 168 859 220 CAECILIUS*
875 170 1064 220 SECUNDUS.
1113 176 1152 238 19

149 345 276 406 surgere,
299 331 345 388 cui
370 331 436 390 loco
466 330 569 390 cedere
597 349 701 391 omnes
730 339 885 408 oporteret,
907 331 986 390 hunc
1015 331 1153 390 omnibus

150 427 319 487 sedentibus
336 440 428 503 stare3
458 440 487 490 et
506 431 556 506 qui
577 431 674 489 iubere
694 441 794 506 posset
812 440 907 488 tacere
927 448 1153 506 quemcumque,

108 543 138 578 10
150 525 217 584 huic
246 526 391 587 silentium
420 529 572 606 clepsydra
597 529 704 602 indici;
740 539 769 587 et
800 546 887 604 quern
918 527 1043 588 interfari
1071 528 1153 588 nefas

150 635 235 696 esset,
260 625 338 686 hunc
364 629 451 686 etiarn
480 629 611 687 convicia
639 629 746 699 audire,
772 637 801 686 et
828 629 852 685 si
880 628 972 686 inulta
999 637 1153 704 pateretur,

150 726 279 800 inertem,
300 727 323 785 si
340 729 533 799 ulcisceretur,
552 730 725 788 insolentem
739 729 838 787 videri.
878 726 949 786 Erat
969 729 1017 786 hic
1034 747 1152 806 quoque

150 835 247 884 aestus
264 835 331 884 ante
352 827 462 899 oculos
478 829 502 887 si
522 826 595 888 forte
613 846 662 886 me
682 827 857 904 appellasset
869 827 914 884 vel
933 826 980 884 ille
1001 828 1046 884 cui
1068 828 1154 886 ades-

150 940 213 981 sem
232 925 276 982 vel
297 925 451 1008 illequem
473 937 582 999 contra,
602 927 809 986 intercederem
831 937 860 984 et
881 926 1019 985 auxilium
1036 925 1153 996 ferrern,

107 1033 136 1083 15
151 1039 189 1078 an
214 1023 394 1098 quiescerem
417 1024 589 1101 sileremque
613 1034 643 1084 et
665 1025 748 1101 quasi
773 1025 882 1083 eiurato
904 1025 1073 1100 magistratu
1095 1024 1153 1098 pri·

150 1130 247 1178 vatum
271 1123 333 1198 ipse
355 1140 403 1180 me
426 1123 560 1182 facerem.
604 1123 663 1182 His
687 1124 847 1183 rationibus
869 1133 966 1181 motus
990 1122 1079 1180 malui
1103 1140 1152 1180 rue

149 1219 296 1277 tribunum
318 1221 456 1280 omnibus
477 1223 622 1294 exhibere,
637 1241 726 1298 quarn
743 1223 844 1298 paucis
865 1223 1047 1282 advocatum.
1092 1219 1151 1278 Sed

149 1326 189 1389 tu,
211 1319 314 1377 iterum
340 1319 444 1391 dicam,
467 1321 623 1397 plurimum
645 1321 770 1391 interest,
793 1319 950 1396 quidesse
974 1321 1152 1378 tribunatum

149 1425 242 1492 putes,
266 1435 354 1493 quarn
378 1437 536 1494 personam
560 1419 611 1477 tibi
629 1419 763 1496 inponas,
785 1439 861 1496 quae
885 1419 1008 1496 sapienti
1028 1419 1088 1478 uiro
1113 1417 1153 1476 ita

104 1534 136 1569 σο
149 1516 277 1592 aptanda
297 1525 349 1588 est,
370 1527 402 1576 ut
423 1515 589 1594 perferatur.
630 1517 713 1576 Vale.

482 1675 532 1729 16.
575 1663 703 1748 (BOOK
726 1687 752 1726 2.
778 1665 815 1747 r.)

323 1790 347 1838 A
359 1789 444 1839 sketch
456 1790 486 1839 of
494 1790 535 1840 the
548 1789 591 1839 life
601 1790 651 1838 and
663 1789 788 1838 character
799 1789 828 1838 of
837 1789 975 1854 Verginius.

441 1911 467 1952 C.
488 1912 601 1952 PLINIUS
623 1911 746 1954 ROMANO
766 1911 820 1952 SUO
841 1911 863 1952 S.
884 1929 885 1932 ¹

190 2007 261 2067 Post
292 2007 402 2083 aliquot
437 2025 531 2080 annos
567 2009 681 2084 insigne
715 2017 802 2083 atque
838 2009 925 2066 etiam
959 2008 1148 2067 memorabile

149 2107 250 2182 populi
272 2105 400 2164 Romani
421 2108 512 2166 oculis
532 2106 729 2183 spectaculum
747 2106 879 2165 exhibuit
897 2107 1045 2182 publicum
1063 2107 1150 2164 funus

148 2195 270 2280 Vergini
301 2204 379 2275 Rufi,
406 2206 525 2264 maximi
555 2215 584 2263 et
613 2205 763 2263 clarissimi
793 2205 870 2275 civis,
899 2205 1020 2284 perinde
1049 2205 1148 2262 felicis.

149 2302 283 2379 Triginta
305 2305 389 2362 annis
413 2305 521 2380 gloriae
545 2322 614 2362 suae
640 2303 812 2379 supervixit:
840 2302 909 2378 legit
931 2303 1035 2380 scripta
1053 2302 1093 2360 de
1118 2321 1150 2362 se

118 2401 287 2472 scarmina,
312 2402 381 2479 legit
405 2401 538 2460 historias
561 2410 590 2460 et
618 2402 777 2478 posteritati
798 2419 870 2459 suae
893 2399 1027 2470 interfuit.
1083 2399 1150 2460 Per-

147 2497 267 2557 functus
292 2511 335 2558 est
357 2502 441 2558 tertio
467 2501 627 2571 consulatu,
651 2509 682 2559 ut
707 2517 854 2558 summurn
879 2498 1025 2574 fastigium
1048 2500 1150 2576 privati

147 2595 276 2656 hominis
296 2598 426 2673 inpleret,
448 2617 515 2656 curn
536 2599 672 2675 principis
694 2598 842 2657 noluisset.
884 2595 1024 2656 Caesares
1043 2599 1149 2674 quibus

148 2705 301 2770 suspectus
315 2705 402 2771 atque
421 2697 508 2754 etiarn
522 2697 630 2756 invisus
645 2696 793 2754 virtutibus
813 2695 905 2772 fuerat
924 2697 1021 2768 evasit,
1036 2697 1149 2772 reliquit

148 2793 328 2852 incolumem
346 2794 490 2870 optimum
512 2805 599 2871 atque
620 2795 834 2865 amicissimum,
849 2802 999 2869 tamquam
1020 2795 1149 2854 adhunc

104 2892 247 2967 reipsum
267 2890 411 2950 honorem
432 2893 539 2968 publici
558 2893 666 2952 funeris
683 2899 850 2952 reservatus.
891 2893 1012 2954 Annum
1033 2895 1148 2951 tertium

147 3000 178 3048 et
206 2991 442 3066 octogensimum
472 2992 594 3052 excessit
622 2992 652 3048 in
682 2992 820 3052 altissima
848 2992 1058 3068 tranquillitate,
1087 2991 1149 3066 pari

147 3089 343 3148 veneratione.
386 3089 465 3149 Usus
487 3101 530 3149 est
551 3091 634 3148 firma
647 3090 819 3160 valetudine,
839 3090 893 3149 nisi
915 3091 995 3166 quod
1016 3089 1150 3150 solebant

147 3187 175 3248 ei
204 3205 309 3245 manus
335 3196 468 3260 tremere,
496 3189 565 3247 citra
594 3188 726 3247 dolorem
755 3198 862 3245 tamen.
905 3188 1009 3246 Aditus
1035 3196 1148 3245 tanturn

147 3285 251 3346 mortis
267 3286 364 3345 durior
377 3288 558 3363 longiorque,
574 3287 626 3345 sed
641 3286 688 3345 hic
701 3287 763 3362 ipse
778 3285 937 3344 laudabilis
980 3283 1058 3346 Nam
1081 3303 1149 3344 curn

100 3405 132 3456 15
147 3402 253 3444 vocem
284 3396 468 3462 praepararet
499 3397 614 3444 acturus
643 3385 673 3443 in
702 3385 855 3443 consulatu
882 3383 1004 3460 principi
1032 3385 1148 3460 gratiaS,

146 3482 228 3554 liber,
254 3501 342 3560 quem
368 3483 439 3542 forte
468 3493 620 3559 acceperat
646 3484 841 3559 grandiorem,
865 3491 893 3540 et
918 3482 979 3540 seni
1003 3494 1033 3540 et
1060 3482 1149 3540 stanti

145 3581 213 3658 ipso
234 3581 364 3658 pondere
386 3582 501 3660 elapsus
524 3592 575 3640 est.
618 3581 708 3640 Hunc
732 3582 802 3640 dum
823 3581 951 3660 sequitur
973 3581 1148 3665 colligitque,

622 3698 670 3740 ca
