2646 3914
189 163 346 213 LETTERS
369 166 413 213 OE
435 166 464 214 C.
480 163 628 212 PLINIUS
652 163 838 211 CAECILIUS
860 162 1050 210 SECUNDUS.
1097 160 1135 228 77

136 338 164 385 et
191 326 316 384 maiores
338 334 426 384 erant.
470 323 549 383 Tum
571 343 637 384 vero
662 324 738 384 idem
764 325 810 383 ille
835 343 872 384 ex
897 323 1042 399 Hispania
1064 321 1135 378 ami-

135 442 189 482 cus
211 425 305 482 acrius
325 435 354 482 et
371 425 525 484 instantius
546 426 589 484 ‘si
611 423 713 482 frater’
734 424 827 500 inquit
853 429 944 495 ‘tuus
966 433 1031 480 tuus
1049 439 1136 478 avun-

135 524 220 582 culus
241 525 316 593 vivit‚
339 524 399 582 vult
422 542 486 583 esse
509 543 561 583 vos
587 525 699 595 salvos3
732 523 755 582 si
775 523 869 599 periit,
895 523 1061 598 superstites
1085 538 1136 577 vo·

134 622 196 681 luit.
239 621 364 680 Proinde
393 622 464 699 quid
488 623 606 681 cessatis
635 620 788 680 evaderei'
832 621 1051 698 Respondimus
1075 634 1138 675 non

10 769 12 812 t
92 744 128 792 40
136 721 348 780 commissuros
375 741 431 781 nos
453 731 485 780 ut
508 722 544 779 de
573 721 664 780 salute
692 721 766 779 illius
794 721 893 778 incerti
923 729 1038 777 nostrae
1066 733 1137 773 con·

137 818 308 878 soleremus.
351 818 422 878 Non
442 829 571 879 moratus
590 820 664 878 ultra
684 819 805 896 proripit
827 838 857 878 se
879 817 1029 892 effusoque
1052 831 1138 872 cursu

137 917 268 993 periculo
293 918 425 976 aufertur.
441 915 541 980 ItNec
569 919 661 976 multo
686 918 823 994 postilla
847 918 939 975 nubes
961 913 1138 974 descendere

136 1019 169 1074 in
190 1027 289 1089 terras,
312 1017 424 1093 operire
446 1017 551 1076 maria:
585 1018 714 1076 cinxerat
737 1015 864 1092 Capreas
884 1025 913 1072 et
936 1012 1137 1082 absconderat,

138 1115 248 1174 Miseni
272 1116 353 1191 quod
376 1117 517 1193 procurrit
539 1117 700 1174 abstulerat.
744 1114 823 1172 Tum
847 1125 938 1173 mater
960 1130 1048 1182 orare,
1070 1110 1138 1168 hor-

96 1227 128 1274 45
138 1215 200 1284 tari,
226 1213 323 1271 iubere
348 1232 467 1291 quoquo
492 1214 582 1272 modo
603 1214 749 1290 sugerem,
781 1232 870 1289 posse
894 1213 972 1271 enirn
996 1211 1137 1278 iuvenem,

139 1331 172 1372 se
200 1321 229 1370 et
256 1313 339 1370 annis
368 1321 396 1370 et
425 1330 546 1388 corpore
569 1331 687 1388 gravem
712 1313 787 1369 bene
815 1313 990 1381 morituram,
1017 1310 1040 1368 si
1067 1308 1138 1365 mihi

139 1395 230 1470 causa
257 1413 357 1470 mortis
386 1430 447 1471 non
474 1412 582 1471 fuisset.
636 1411 701 1488 Ego
731 1421 839 1483 contra,
869 1412 979 1470 salvum
1008 1427 1055 1466 me
1083 1407 1138 1465 nisi

139 1527 200 1566 una
236 1527 296 1568 non
325 1510 468 1569 futurum:
511 1511 578 1569 dein
606 1528 725 1568 manum
759 1510 820 1567 eius
854 1509 1005 1584 amplexus
1033 1504 1139 1564 addere

10 1645 11 1658 ,
103 1675 108 1685 Ι
139 1607 265 1682 gradum
286 1627 373 1684 cogo.
416 1607 500 1667 Paret
519 1627 606 1684 aegre
625 1609 795 1684 incusatque
817 1626 856 1678 se,
877 1607 956 1682 quod
978 1623 1025 1662 me
1046 1620 1139 1660 more-

10 1757 11 1796 ἑ
99 1716 194 1765 sotor.
237 1705 300 1764 Iam
320 1709 399 1778 einis,
415 1707 509 1765 adhuc
529 1717 627 1766 tamen
648 1726 744 1765 rarus:
769 1706 907 1782 respicio;
934 1705 1025 1763 densa
1044 1700 1138 1775 caligo

10 1801 11 1860 1
140 1804 230 1879 tergis
258 1805 434 1875 imminebat,
463 1824 537 1882 quae
565 1825 620 1864 nos
647 1805 780 1864 torrentis
808 1804 899 1863 modo
927 1802 1020 1862 infusa
1047 1809 1139 1858 terrae

141 1902 321 1979 sequebatur.
375 1901 602 1962 ‘Deflectamus’
628 1904 754 1980 inquam,
782 1903 870 1961 ‘dum
894 1901 1084 1960 videmusne
1108 1898 1139 1955 in

141 2003 188 2060 via
212 2003 293 2060 strati
321 2001 521 2060 comitantium
545 2004 629 2060 turba
653 2004 683 2059 in
708 2002 834 2060 tenebris
857 1999 1039 2060 obteramur!
1081 1997 1140 2054 Vix

142 2103 371 2172 consideramus,
396 2109 425 2158 et
452 2119 521 2173 nox,
547 2119 608 2159 non
632 2102 724 2178 qualis
751 2101 856 2159 inlunis
885 2110 933 2158 aut
960 2098 1065 2168 nubila,
1089 2095 1140 2154 sed

102 2229 132 2278 55
143 2201 235 2278 qualis
262 2201 292 2257 in
319 2199 390 2258 locis
419 2199 523 2258 clausis
550 2201 658 2257 lumine
683 2200 819 2257 extincto.
841 2198 993 2268 aAudires
1017 2197 1140 2253 ululatus

143 2300 323 2370 feminarum,
343 2298 485 2356 infantum
506 2297 665 2374 quiritatus}
688 2298 829 2356 clamores
850 2297 992 2354 virorum:
1023 2295 1069 2352 alii
1089 2312 1140 2370 pa-

142 2407 246 2468 rentes,
270 2397 316 2455 alii
340 2396 452 2467 liberos,
475 2395 522 2453 alii
546 2397 686 2471 coniuges
707 2396 827 2454 vocibus
850 2394 1041 2469 requirebant,
1064 2393 1140 2450 voci-

18 2541 31 2574 ,
142 2500 197 2556 bus
221 2497 421 2555 noscitabant:
456 2495 486 2552 hi
515 2513 599 2553 suum
628 2512 736 2564 casum,
761 2494 799 2551 illi
821 2511 940 2552 suorum
965 2493 1141 2550 miseraban-

143 2607 208 2656 tur:
238 2606 320 2655 erant
342 2597 392 2672 qui
412 2603 492 2653 metu
512 2595 612 2654 mortis
633 2603 757 2653 mortem
776 2602 974 2670 precarentur:
1000 2591 1083 2648 multi
1104 2591 1141 2648 ad

103 2695 216 2756 (rodeos
239 2713 342 2753 manus
364 2693 471 2765 tollere,
493 2692 590 2768 plures
611 2712 756 2770 nusquam
776 2694 835 2750 iam
860 2692 930 2750 deos
952 2691 1026 2749 ullos
1050 2702 1141 2748 aeter·

144 2811 272 2870 namque
299 2793 375 2850 iliam
410 2802 439 2850 et
473 2793 660 2851 novissimam
689 2802 807 2851 noctem
835 2790 945 2849 mundo
973 2791 1141 2865 interpreta-

144 2894 256 2951 bantur.
314 2891 378 2949 Nec
415 2890 566 2949 defuerunt
598 2891 647 2967 qui
675 2890 748 2948 fictis
776 2889 959 2964 mentitisque
986 2889 1141 2947 terroribus

145 3011 211 3050 vera
236 2990 361 3067 pericula
390 2998 537 3064 augerent.
588 2989 718 3047 Aderant
746 2989 796 3064 qui
820 2987 927 3045 Miseni
949 2988 1019 3046 illud
1043 2987 1140 3055 ruisse,

145 3091 213 3148 illud
234 3090 334 3148 ardere
356 3088 438 3159 falso,
460 3087 512 3146 sed
531 3086 712 3146 credentibus
734 3087 912 3146 nuntiabant.
955 3085 1076 3143 Paulum
1097 3101 1142 3140 re-

105 3190 223 3260 65luxit‚
247 3188 326 3265 quod
348 3205 409 3246 non
431 3187 491 3244 dies
515 3187 608 3259 nobis,
631 3185 683 3245 sed
706 3185 886 3245 adventantis
907 3185 981 3262 ignis
1002 3183 1141 3242 indicium

10 3281 12 3348 1
146 3285 301 3345 videbatur.
357 3285 395 3346 Et
429 3286 507 3362 ignis
540 3284 659 3360 quidem
693 3285 809 3361 longius
845 3285 976 3354 substitit,
1005 3282 1142 3339 tenebrae

10 3389 12 3470 1
146 3403 252 3456 rursus,
267 3383 339 3443 cinis
360 3402 458 3442 rursus
479 3383 585 3442 multus
607 3392 636 3440 et
656 3383 759 3459 gravis.
802 3383 892 3440 Hunc
912 3379 1070 3440 identidem
1090 3378 1143 3437 ad·

10 3473 11 3492 ¹
146 3493 297 3560 surgentes
322 3483 556 3554 excutiebamus3
589 3483 683 3559 operti
706 3481 813 3559 alioqui
838 3491 924 3556 atque
949 3478 1035 3536 etiam
1058 3477 1142 3535 oblisi

144 3582 278 3658 pondere
292 3599 430 3642 essemus.
472 3580 594 3640 Possem
612 3581 726 3657 gloriari
745 3598 806 3638 non
827 3577 967 3655 gemitum
988 3575 1066 3648 mihi,
1081 3594 1143 3635 non
