2662 3914
198 175 359 226 LETTERS
382 179 427 226 OF
449 179 479 228 Ο.
495 178 643 229 PLINIUS
664 177 851 227 CAECILIUS
869 177 1060 227 SECUNDUS.
1106 181 1145 244 91

103 336 335 412 inreligiosum:
367 348 422 398 stat
445 338 609 398 Clitumnus
633 339 696 414 ipse
719 340 842 397 amictus
866 347 1042 414 ornatusque
1064 355 1148 413 prae·

147 443 245 493 texta:
283 455 422 512 praesens
454 456 565 496 numen
599 446 686 514 atque
720 438 807 496 etiam
842 436 991 496 fatidicum
1018 437 1148 495 indicant

148 543 251 592 sortes.
308 534 415 611 Sparsa
448 547 515 594 sunt
549 538 626 595 circa
657 535 762 594 sacella
789 535 941 612 complura
969 535 1148 610 totidemque

147 631 185 702 di,
230 632 281 691 Sui
309 636 412 711 cuique
439 637 594 705 veneratio
620 652 707 693 suum
733 651 852 704 nomen,
881 634 1055 708 quibusdam
1080 650 1148 690 vero
1184 635 1186 640 '

148 731 236 789 etiam
260 711 365 792 fontes.
416 730 495 792 Nam
520 744 632 810 praeter
655 733 736 790 illum
759 732 842 808 quasi
863 740 1014 806 parentem
1039 741 1149 789 cetero-

103 853 133 903 ²5
148 847 214 887 rum
242 840 309 889 sunt
337 833 465 891 minores
490 833 585 909 capite
607 832 739 904 discreti3
770 832 823 890 sed
846 831 959 888 flumini
980 831 1148 900 miscentur,

148 929 229 1002 quod
256 941 346 1005 ponte
373 931 581 989 transmittitur.
636 931 667 989 ls
695 932 835 989 terminus
863 930 938 989 sacri
965 927 1148 1005 profanique.

148 1027 185 1085 In
220 1029 367 1103 superiore
394 1039 476 1106 parte
511 1030 648 1105 navigare
675 1039 797 1101 tantum,
824 1027 898 1087 infra
931 1027 1019 1086 etiam
1046 1037 1146 1085 natare

148 1144 331 1187 concessum.
382 1127 536 1188 Balineum
571 1129 757 1208 Hispellates,
792 1129 898 1206 quibus
931 1126 1012 1186 illum
1046 1127 1146 1186 locum

148 1226 229 1285 divus
250 1227 401 1303 Augustus
426 1230 506 1288 dono
532 1230 618 1296 dedit.
641 1227 756 1307 publice
781 1230 930 1306 praebent,
953 1228 1094 1303 praebent
1118 1236 1148 1284 et

101 1347 134 1394 30
147 1324 315 1402 hospitium.
357 1326 422 1386 Nec
437 1329 541 1387 desunt
555 1329 645 1400 villae,
660 1348 736 1405 quae
750 1340 866 1388 secutae
879 1325 1010 1385 fluminis
1024 1343 1147 1384 amoen-

146 1426 245 1482 itatem
266 1426 390 1501 margini
407 1428 550 1486 insistunt.
592 1428 628 1485 In
648 1445 763 1486 summa
782 1427 852 1484 nihil
872 1427 926 1484 erit
946 1444 982 1492 ex
1004 1444 1063 1501 quo
1085 1441 1146 1482 non

147 1524 246 1598 capias
273 1524 457 1600 voluptatem.
511 1525 590 1584 Nam
618 1525 747 1584 studebis
775 1543 911 1602 quoque;
946 1527 1027 1603 leges
1055 1524 1148 1582 multa

145 1623 303 1682 multorum
328 1624 465 1683 omnibus
487 1623 639 1695 columnis,
661 1624 798 1683 omnibus
818 1624 974 1699 parietibus
997 1624 1145 1698 inscripta,
1197 1685 1199 1690 ,

145 1722 252 1797 quibus
278 1721 344 1780 fons
369 1722 416 1780 ille
440 1722 570 1798 deusque
596 1723 765 1782 celebratur.
815 1722 901 1780 Plura
923 1722 1061 1792 laudabis,
1084 1739 1147 1779 non

100 1843 131 1893 35
145 1819 226 1878 nulla
252 1820 375 1893 ridebis3
411 1839 589 1898 quamquam
617 1832 650 1881 tu
676 1837 754 1893 vem,
783 1838 859 1898 quae
891 1831 941 1880 tua
971 1820 1146 1892 humanitas,

146 1919 226 1978 nulla
246 1919 361 1979 ridebis.
403 1918 486 1980 Vale.

466 2093 518 2148 ra
559 2086 689 2164 (soor
711 2090 739 2148 a.
762 2085 821 2166 ιο.)

180 2215 311 2279 Although
325 2215 397 2278 Pliny
409 2216 527 2264 comforts
541 2216 644 2266 himself
651 2218 691 2266 for
705 2217 747 2265 the
762 2217 812 2266 loss
829 2216 859 2265 of
870 2215 909 2264 his
923 2216 1001 2265 slaves
1016 2217 1049 2278 by
1061 2227 1147 2262 manu·

147 2298 248 2362 mitting
269 2298 337 2348 them
359 2298 443 2348 before
460 2299 542 2354 death,
558 2299 606 2346 and
623 2299 767 2364 permitting
787 2300 854 2348 them
872 2306 898 2347 to
915 2299 1013 2361 dispose
1035 2297 1065 2345 of
1084 2297 1146 2345 their

147 2389 265 2446 property
282 2383 315 2444 by
331 2382 390 2437 will,
408 2390 448 2445 yet
465 2382 507 2430 the
523 2381 652 2445 humanity
670 2381 750 2430 which
767 2388 879 2446 prompts
895 2381 944 2430 this
966 2379 1109 2430 concession
1126 2379 1147 2427 is

146 2463 237 2529 deeply
248 2464 351 2514 affected
362 2465 395 2527 by
407 2464 471 2514 their
482 2465 591 2514 decease.

432 2603 457 2644 C·
472 2601 583 2642 PLINIUS
603 2601 737 2643 PATERNO
760 2603 814 2644 SUO
835 2603 859 2643 S.

105 2706 110 2718 '
189 2707 388 2765 Confecerunt
414 2725 463 2766 me
490 2707 671 2766 infirmitates
698 2725 840 2778 meorum,
869 2717 976 2766 mortes
999 2707 1095 2778 etiam,
1118 2717 1147 2765 et

147 2807 267 2882 quidem
294 2807 438 2864 iuvenum.
495 2805 611 2864 Solacia
638 2806 698 2864 duo
729 2824 915 2883 nequaquam
950 2808 1031 2882 paria
1065 2816 1147 2866 tanto

148 2907 250 2978 dolori,
266 2906 373 2965 solacia
387 2915 504 2963 tamen:
531 2923 624 2964 unum
642 2905 764 2964 facilitas
784 2907 1021 2980 manumittendi;
1047 2908 1147 2966 videor

147 3006 226 3064 enim
254 3023 316 3063 non
340 3005 463 3063 omnino
491 3006 652 3064 inmaturus
677 3005 838 3082 perdidisse
860 3023 935 3082 quos
956 3007 1016 3064 iam
1040 3007 1146 3066 liberos

117 3104 276 3180 5perdidi:
302 3103 432 3175 alterum,
454 3104 536 3179 quod
556 3091 692 3179 permitto
714 3105 801 3162 servis
822 3123 938 3181 quoque
959 3107 1042 3181 quasi
1058 3113 1146 3162 testa-

147 3213 245 3261 menta
259 3202 354 3262 lacere
368 3219 461 3277 eaque
480 3211 511 3259 ut
529 3201 658 3278 legitima
680 3203 822 3261 custodio.
864 3203 1007 3261 Mandant
1027 3212 1147 3278 rogant·

146 3321 204 3378 que
239 3302 319 3378 quod
352 3302 464 3372 visum;
506 3319 596 3376 pareo
633 3311 665 3358 ut
698 3302 810 3362 iussus:
853 3303 989 3373 dividunt,
1026 3301 1146 3374 donant,

145 3402 321 3477 relinquunt,
337 3400 488 3459 dumtaxat
504 3401 580 3457 intra
598 3400 737 3461 domum:
768 3420 837 3460 nam
855 3402 944 3460 servis
962 3420 1008 3458 res
1030 3401 1146 3478 publica

146 3500 291 3576 quaedam
322 3509 351 3558 et
385 3499 468 3575 quasi
496 3499 595 3558 civitas
624 3499 745 3560 domus.
764 3511 816 3559 est.
874 3500 932 3558 Sed
966 3518 1146 3576 quamquam

101 3618 131 3652 10
144 3599 190 3659 his
226 3598 341 3658 solaciis
369 3599 564 3676 adquiescam,
593 3599 726 3658 debilitor
751 3608 779 3657 et
806 3597 925 3676 frangor
959 3599 1064 3659 eadem
1098 3599 1146 3658 illa
