2662 3914
183 196 244 244 102
454 187 477 238 A
502 185 698 236 SELECTION
717 181 822 232 FROM
843 181 912 230 THE

181 349 243 408 dies
270 347 365 406 visum
392 345 563 422 languidum
591 353 619 402 et
646 353 800 414 maestum,
829 359 900 400 mox
928 339 1047 398 redditis
1074 335 1183 394 viribus

179 447 306 525 priorem
317 445 464 504 lasciviam
477 453 506 503 et
520 443 604 503 solita
618 441 776 501 ministeria
794 441 941 516 repetisse.
984 436 1184 496 Confluebant

181 563 287 606 omnes
316 543 353 602 ad
381 543 579 619 spectaculum
611 542 803 618 magistratus,
832 556 958 615 quorum
992 537 1117 594 adventu
1153 541 1183 590 et
1195 540 1227 590 4⁵

179 661 264 701 mora
298 642 414 701 modica
448 659 495 700 res
529 640 645 717 publica
679 640 763 698 novis
798 638 962 714 sumptibus
999 634 1181 694 atterebatur.

181 742 334 800 Postremo
362 740 444 799 locus
468 741 531 816 ipse
556 739 682 815 quietern
705 755 788 796 suam
807 744 1011 810 secretumque
1033 731 1180 809 perdebat.

180 839 292 898 Placuit
315 840 430 899 occulte
453 838 574 896 interfici
597 837 634 895 ad
659 837 740 912 quod
767 835 906 894 coibatur.
956 832 1041 890 Haec
1067 840 1099 888 tu
1124 846 1182 905 qua

180 939 374 1010 miseratione,
387 956 447 1014 qua
461 937 546 1012 copia
564 934 693 1006 deflebis,
708 935 836 1006 ornabis,
850 931 980 990 attollesl
1002 945 1183 1006 quamquam

109 1107 112 1116 .
180 1055 242 1095 non
263 1046 306 1095 est
327 1054 402 1114 opus
424 1035 556 1110 adfingas
577 1032 685 1110 aliquid
706 1042 754 1092 aut
775 1031 927 1091 adstruas:
960 1029 1064 1122 sufficit
1086 1046 1124 1086 ne
1146 1045 1183 1085 ea
1198 1039 1230 1089 50

181 1154 255 1212 quae
270 1144 337 1194 sunt
351 1152 418 1202 vera
432 1134 606 1192 minuantur.
648 1131 730 1191 Vale.

506 1381 557 1435 82.
600 1371 728 1455 (BOOK
750 1394 777 1450 9.
801 1372 862 1452 36.)

367 1533 435 1584 How
447 1532 518 1598 Pliny
529 1534 619 1598 spends
629 1533 668 1582 his
679 1533 729 1596 day
738 1533 764 1582 in
775 1532 814 1581 his
824 1533 923 1582 Tuscan
934 1530 1001 1580 villa.

485 1697 510 1739 C.
532 1696 644 1737 PLINIUS
665 1695 754 1737 Fusco
774 1694 829 1736 SUO
849 1693 871 1734 S.

221 1835 344 1906 Quaeris
360 1853 448 1911 quern
462 1836 500 1895 ad
513 1836 636 1894 modurn
647 1835 677 1892 in
692 1834 798 1892 Tuscis
810 1833 887 1892 diem
896 1841 1004 1891 aestate
1015 1831 1181 1906 disponam.

180 1931 294 2010 Evigilo
317 1952 384 1993 cum
406 1934 495 2006 libuit,
516 1935 687 2010 plerumque
711 1933 787 1991 circa
811 1933 914 1990 horam
936 1931 1070 2008 primam,
1093 1949 1181 2006 saepe

175 2022 257 2104 ante,
281 2033 390 2090 tardius
414 2050 501 2105 raro;
531 2032 646 2091 clausae
670 2031 813 2089 fenestrae
835 2039 961 2089 manent.
1004 2029 1079 2086 Mire
1102 2029 1181 2088 enim

180 2131 294 2190 silentio
310 2140 339 2190 et
352 2131 478 2190 tenebris
492 2131 530 2188 ab
548 2131 584 2189 iis
604 2148 679 2206 quae
701 2139 824 2188 avocant
845 2128 987 2187 abductus
1009 2137 1038 2187 et
1058 2128 1130 2186 liber
1150 2138 1181 2186 et

179 2229 250 2286 mihi
263 2230 378 2288 relictus
397 2249 459 2289 non
479 2231 580 2289 oculos
602 2230 709 2301 animo,
725 2229 777 2288 sed
798 2229 927 2288 animum
950 2226 1040 2286 oculis
1063 2243 1209 2303 sequor‚5

135 2341 137 2346 ’
179 2327 229 2402 qui
258 2328 361 2387 eadem
390 2347 465 2405 quae
492 2347 576 2387 mens
605 2328 710 2400 vident,
740 2328 874 2405 quotiens
902 2345 963 2385 non
992 2326 1090 2384 vident
1116 2325 1180 2384 alia.

180 2423 297 2500 Cogit0,
313 2427 409 2503 siquid
423 2428 453 2484 in
467 2429 610 2498 manibus,
626 2428 724 2503 cogito
739 2426 777 2484 ad
790 2427 911 2484 verbum
931 2425 1066 2483 scribenti
1081 2441 1180 2482 emen·

181 2520 318 2600 dantique
341 2525 450 2596 similis,
472 2544 551 2584 nunc
573 2526 710 2601 pauciora
733 2542 812 2583 nunc
836 2525 926 2600 plura,
948 2533 980 2581 ut
1000 2523 1045 2581 vel
1066 2521 1180 2580 difficile

179 2621 224 2678 vel
238 2622 322 2680 lacile
338 2623 480 2699 componi
493 2624 618 2681 tenerive
630 2633 794 2699 potuerunt.
838 2623 992 2682 Notarium
1003 2639 1077 2681 voco
1089 2630 1118 2679 et
1132 2621 1180 2678 die

180 2718 308 2777 admisso
331 2739 405 2797 quae
427 2719 616 2794 formaveram
640 2722 737 2781 dicto:
770 2723 829 2781 abit
851 2739 1007 2797 rursusque
1029 2729 1180 2778 revocatur
1195 2740 1227 2775 10
1313 2794 1315 2800 Ι

179 2836 335 2893 nususque
361 2820 521 2880 dimittitur.
573 2820 633 2879 Ubi
657 2821 729 2880 hora
754 2831 855 2898 quarta
877 2821 921 2878 vel
946 2821 1046 2896 quinta
1070 2815 1179 2897 (neque

179 2915 259 2973 enim
274 2926 383 2975 certum
398 2918 621 2995 dimensumque
635 2917 774 2996 tempus),
788 2929 820 2976 ut
835 2919 895 2978 dies
908 2919 1006 2990 suasit,
1017 2918 1047 2976 in
1062 2929 1180 2996 xystum

179 3036 228 3075 me
257 3017 302 3075 vel
327 3020 573 3095 cryptoporticum
598 3018 726 3089 confero,
749 3019 860 3095 reliqua
884 3019 1009 3077 meditor
1034 3029 1063 3076 et
1090 3019 1179 3080 dicto.

179 3115 355 3175 Vehiculum
377 3113 522 3175 ascendo:
555 3117 594 3176 ibi
615 3135 733 3194 quoque
753 3116 832 3175 idem
854 3115 934 3193 quod
956 3117 1107 3176 ambulans
1129 3128 1180 3177 aut

179 3215 296 3273 iacens:
338 3215 422 3273 durat
450 3215 570 3274 intentio
599 3215 759 3273 mutatione
792 3215 856 3292 ipsa
886 3215 999 3274 refecta.
1057 3215 1180 3274 Paulum
1196 3235 1226 3286 15

179 3313 334 3385 redormio,
356 3313 423 3371 dein
445 3312 571 3383 ambulo,
592 3332 663 3372 mox
684 3314 848 3372 orationem
869 3331 1004 3390 graecam
1024 3313 1179 3374 latinamve

180 3409 254 3468 clare
275 3421 304 3470 et
324 3412 434 3470 intente
455 3429 516 3470 non
538 3420 597 3468 tam
610 3412 689 3470 vocis
713 3429 800 3471 causa
821 3429 909 3487 quam
929 3412 1072 3470 stomachi
1093 3413 1160 3489 lego
1171 3433 1178 3486 ;

179 3507 283 3583 pariter
311 3519 410 3568 tamen
440 3519 468 3568 et
501 3509 547 3567 illa
582 3510 718 3568 firmatur.
774 3510 883 3568 Iterum
918 3511 1046 3582 ambulo,
1074 3529 1179 3587 ungor,

181 3622 324 3680 exerceor,
347 3608 435 3668 lavor.
478 3607 602 3668 Cenanti
629 3609 708 3681 mihi,
734 3610 758 3668 si
786 3628 853 3669 cum
880 3627 972 3669 uxore
996 3610 1040 3668 vel
1068 3612 1178 3686 paucis,
