2646 3914
201 185 360 233 LETTERS
382 186 426 232 OE
450 186 479 235 C.
498 186 645 234 PLINIUS
668 184 858 234 CAECILIUS·
876 185 1068 232 SECUNDUS.
1101 191 1141 250 41

119 361 134 408 5
146 336 256 397 Caesar
269 341 308 398 ita
321 340 513 416 reprehendit,
528 349 559 398 ut
573 340 678 399 laudet.
720 340 864 400 Describit
879 340 956 400 enirn
970 358 1022 398 eos
1037 342 1142 417 quibus

144 437 248 496 obvius
264 437 357 509 fuerit,
371 456 439 496 cum
458 448 546 514 caput
565 439 636 495 ebrii
656 439 833 508 retexissent,
848 439 1011 496 erubuisse:
1037 439 1142 498 deinde

143 535 232 594 adicit
260 541 394 613 ‘putares
418 553 479 594 non
507 538 544 594 ab
566 537 620 595 illis
645 535 799 607 Catonem,
822 538 874 595 sed
902 537 966 596 illos
988 557 1005 594 a
1027 536 1142 597 Catone

143 633 359 710 deprehensos!
401 634 534 692 Potuitne
549 635 613 710 plus
628 635 804 692 auctoritatis
823 635 908 692 tribui
923 635 1038 703 Catoni,
1052 654 1142 713 quarn

144 731 169 790 si
185 733 280 792 ebrius
295 751 412 809 quoque
427 743 487 791 tam
502 734 670 791 venerabilis
684 735 763 792 erat?
799 732 923 792 Nostrae
938 744 1036 792 tamen
1052 754 1142 793 cenae

102 861 134 894 10
143 840 177 889 ut
191 842 346 910 apparatus
359 842 389 890 et
402 832 532 908 inpendii
547 833 588 890 sie
600 834 737 910 temporis
751 832 857 890 modus
872 843 992 891 constet.
1035 833 1141 909 Neque

143 930 224 988 enim
247 931 266 988 ii
289 949 388 989 sumus
410 949 484 1006 quos
505 932 664 1007 vituperare
686 949 723 989 ne
746 931 854 988 inimici
878 931 997 1007 quidem
1020 934 1141 1008 possint,

143 1029 201 1086 nisi
222 1039 252 1088 ut
273 1031 359 1088 simul
379 1029 505 1088 laudent.
548 1029 631 1088 Vale.

470 1314 523 1366 30.
566 1306 695 1387 (BOOK
717 1329 744 1383 3.
764 1305 823 1387 14.)
852 1351 855 1354 -

178 1453 251 1516 Pliny
262 1453 350 1502 relates
362 1455 403 1504 the
415 1455 513 1504 murder
524 1455 553 1503 os
561 1455 664 1518 Largius
676 1455 782 1504 Macedo
790 1457 827 1519 ,by
838 1456 877 1505 his
889 1457 974 1514 slaves
987 1456 1034 1505 and
1046 1457 1107 1506 adds

317 1553 348 1585 an
360 1538 471 1587 ominous
483 1536 658 1587 circumstance
669 1539 732 1587 from
742 1539 781 1588 his
793 1539 906 1603 previous
917 1540 967 1588 life.

448 1692 473 1732 C.
496 1692 607 1732 PLINIUS
629 1692 724 1732 ACILIO
745 1692 798 1733 SUO
820 1692 841 1733 S.
865 1709 869 1722 ¹

186 1817 262 1878 Rem
298 1831 426 1880 atrocem
466 1841 520 1881 nec
559 1831 671 1880 tantum
706 1813 827 1898 epistula
862 1822 982 1898 dignam
1016 1822 1139 1898 Largius

145 1918 281 1994 Macedo,
305 1920 346 1978 vir
369 1921 535 1996 praetorius,
561 1939 578 1977 a
601 1921 689 1978 servis
711 1922 770 1978 suis
790 1917 893 1997 passus
921 1931 972 1992 est,
998 1923 1139 1998 superbus

143 2016 251 2093 alioqui
280 2018 415 2076 dominus
443 2029 471 2075 et
498 2036 601 2076 saevus
629 2029 657 2076 et
685 2021 734 2093 qui
763 2020 881 2078 servisse
912 2030 1025 2095 patrem
1053 2038 1137 2078 suum

143 2134 256 2192 parum,
270 2118 361 2174 immo
384 2117 505 2173 nimium
526 2117 713 2175 meminisset.
755 2117 917 2176 Lavabatur
938 2119 968 2175 in
989 2119 1053 2189 villa
1069 2119 1138 2177 For-

119 2215 259 2293 5miana:
289 2225 408 2291 repente
431 2233 499 2272 eum
524 2216 596 2272 servi
619 2215 850 2275 circumsistunt:
880 2217 952 2274 alius
977 2217 1075 2275 fauces
1095 2219 1138 2274 in-

143 2313 228 2384 vadit,
247 2314 318 2372 alius
339 2332 374 2371 os
388 2314 525 2384 verberat,
541 2313 612 2371 alius
633 2323 735 2388 pectus
754 2325 782 2372 et
796 2324 925 2372 ventrem
940 2325 1026 2391 atque
1041 2317 1137 2387 etiam,

142 2410 262 2470 foedum
283 2412 369 2483 dictu,
384 2412 509 2470 verenda
530 2412 681 2469 contundit
691 2431 701 2483 ;
729 2422 757 2470 et
779 2431 846 2470 curn
868 2413 1033 2476 exanimem
1055 2425 1138 2490 puta-

142 2520 216 2582 rent,
244 2512 371 2570 abiciunt
398 2513 428 2568 in
455 2511 569 2570 fervens
597 2512 803 2587 pavimentum,
827 2520 858 2571 ut
879 2513 1077 2587 experirentur
1100 2533 1137 2572 an

142 2609 256 2666 viveret.
313 2610 373 2680 Ille,
402 2611 461 2668 sive
475 2611 545 2686 quia
570 2628 631 2667 non
660 2611 810 2680 sentiebat,
836 2611 893 2670 sive
922 2612 990 2687 quia
1018 2631 1049 2671 se
1077 2631 1139 2672 non

103 2741 134 2778 10
143 2707 248 2765 sentire
283 2691 627 2779 simulabat,'immobilis
662 2720 691 2768 et
717 2720 850 2768 extentus
885 2711 973 2770 fidem
1005 2723 1138 2788 peractae

142 2807 243 2863 mortis
262 2806 397 2882 implevit.
441 2805 520 2864 Tum
538 2807 656 2865 demum
675 2809 758 2882 quasi
777 2819 858 2866 aestu
877 2810 987 2868 solutus
1001 2811 1138 2870 effertur:

142 2903 290 2979 excipiunt
312 2905 385 2962 servi
410 2904 562 2977 fideliores,
592 2907 772 2964 concubinae
800 2913 867 2964 cbrn
895 2908 1005 2967 ululatu
1028 2922 1056 2968 et
1080 2911 1138 2967 cla-

143 3021 225 3062 more
256 3014 441 3062 concurrunt.
492 3004 536 3062 Ita
561 3014 589 3062 et
622 3005 741 3062 vocibus
769 3005 910 3064 excitatus
937 3017 966 3065 et
993 3019 1137 3066 recreatus

142 3101 201 3160 loci
244 3101 353 3176 frigore·
384 3103 502 3162 sublatis
546 3103 637 3161 oculis
681 3103 848 3179 agitatoque
886 3123 1008 3182 corpore
1044 3106 1137 3163 vivere

104 3218 183 3276 15se,
219 3209 249 3257 et
282 3199 340 3257 iam
375 3209 467 3258 tutum
511 3212 579 3271 erat,
624 3201 785 3260 confitetur.
839 3202 1002 3278 Diffugiunt
1047 3204 1136 3275 servi;

143 3316 268 3374 quorum
296 3316 405 3375 magna
433 3317 499 3375 pars
527 3299 738 3374 comprehensa
761 3310 812 3370 est,
837 3303 922 3359 ceteri
947 3301 1137 3377 requiruntur.

143 3397 211 3473 Ipse
226 3399 327 3474 paucis
348 3399 449 3458 diebus
465 3417 550 3474 aegre
570 3397 701 3456 focilatus
722 3416 784 3455 non
806 3398 869 3455 sine
888 3398 1006 3457 ultionis
1028 3400 1137 3460 solacio

141 3497 273 3568 decessit,
294 3497 333 3554 ita
355 3498 434 3555 vivus
456 3497 624 3568 vindicatus,
645 3507 676 3555 ut
697 3498 786 3555 occisi
811 3499 912 3557 solent.
954 3497 1045 3558 Vides
1066 3512 1138 3576 quot

140 3595 284 3670 periculis,
313 3606 383 3673 quot
411 3597 601 3668 contumeliis,
632 3607 704 3672 quot
737 3598 865 3656 ludibriis
900 3599 989 3657 simus
1017 3601 1136 3659 obnoxii
