2662 3914
194 135 255 179 100
450 132 473 180 A
497 129 645 182 SELEOTI
648 133 697 182 ΟΝ
715 133 821 181 FROM
844 133 913 182 THE

190 289 302 349 rettuli:
330 309 492 368 numquam
516 301 616 350 tamen
638 294 780 352 maiorem
806 293 870 368 cepi
893 293 1082 368 voluptatem,
1104 301 1226 364 quam5

190 408 283 466 nuper
297 408 334 448 ex
353 408 487 448 sermone
508 387 625 450 Comeli
644 390 748 450 Taciti.
791 391 936 450 Narrabat
958 390 1069 448 sedisse
1091 404 1195 447 secum

190 488 367 546 circensibus
381 487 522 564 proximis
542 489 670 564 equitem
692 489 883 547 Romanum:
913 489 991 546 hunc
1013 497 1080 564 post
1099 485 1197 544 varios

191 587 377 663 eruditosque
392 604 542 645 sermones
557 587 711 664 requisisse
728 585 862 646 ‘Italicus
873 606 904 646 es
915 605 953 644 an
968 582 1196 662 provincialisi':

190 703 222 742 se
247 685 431 760 respondisse
455 684 553 742 ‘nosti
577 704 634 756 me,
656 695 685 744 et
707 686 827 763 quidem
852 705 888 744 ex
910 685 1043 744 studiis’:
1076 683 1113 742 ad
1135 682 1196 741 hoc

189 783 270 842 illurn
295 782 434 842 ‘Tacitus
456 800 488 840 es
513 800 550 839 an
579 782 729 841 Pliniusi'.
779 783 951 860 Exprimere
974 802 1036 841 non
1060 800 1194 859 possum,
1212 803 1242 838 10

191 899 280 958 quam
295 882 331 940 sit
345 880 506 940 iucundum
525 880 603 953 milri,
620 882 701 958 quod
720 883 841 940 nomina
863 891 962 942 nostra
983 883 1065 958 quasi
1089 882 1196 939 littera·
1317 887 1318 894 ’

190 997 255 1037 rum
269 981 396 1056 propria,
411 997 472 1037 non
491 979 654 1051 hominurn,
668 980 769 1040 litteris
787 982 954 1051 redduntur,
971 981 1052 1057 quod
1072 989 1196 1055 uterque

190 1088 323 1136 nostrum
338 1078 382 1136 his
397 1078 483 1135 etiam
499 1096 536 1135 ex
551 1078 652 1136 studiis
670 1088 766 1151 notus,
781 1081 886 1155 quibus
906 1079 987 1137 aliter
1000 1080 1120 1154 ignotus
1140 1087 1195 1136 est.

189 1176 304 1234 Accidit
339 1175 416 1234 aliud
451 1186 519 1234 ante
553 1176 707 1255 pauculos
730 1178 791 1237 dies
828 1177 928 1236 simile.
991 1176 1197 1236 Recumbebat

190 1293 307 1334 mecum
331 1275 373 1332 vir
395 1275 537 1350 egregius,
559 1275 666 1334 Fadius
689 1275 823 1346 Rufinus,
844 1295 1019 1352 supereum
1040 1276 1195 1350 municeps
1212 1299 1240 1350 15
1317 1269 1318 1282 ¹

190 1374 288 1449 ipsius,
304 1374 353 1450 qui
373 1373 422 1431 illo
444 1372 491 1431 die
512 1374 638 1448 primurn
660 1385 778 1433 venerat
799 1375 829 1432 in
849 1377 970 1448 urbem;
1004 1376 1050 1434 cui
1069 1374 1196 1433 Rufinus

190 1473 395 1531 demonstrans
423 1490 471 1529 me
501 1471 599 1531 ‘vides
627 1471 736 1532 hunci'
772 1472 865 1531 Multa
893 1473 998 1533 deinde
1027 1473 1064 1532 de
1092 1472 1196 1532 studiis

191 1571 304 1630 nostris.
360 1570 399 1629 Et
432 1571 479 1630 ille
515 1571 644 1633 ‘Plinius
679 1573 739 1632 est'
775 1574 883 1654 inquit,
932 1572 1044 1630 Verum
1072 1573 1195 1646 fatebor,

191 1671 276 1747 capio
302 1684 443 1747 magnum
466 1670 573 1730 laboris
595 1671 654 1728 mei
675 1671 810 1730 fructum.
852 1671 909 1742 An,
932 1672 956 1730 si
977 1671 1195 1729 Demosthenes

189 1770 251 1828 iure
279 1769 401 1828 laetatus
429 1779 481 1840 est,
511 1769 592 1845 quod
626 1770 708 1828 illum
740 1788 813 1828 anus
841 1771 938 1829 Attica
966 1770 1005 1827 ita
1032 1770 1193 1842 noscitavit‚
1211 1793 1241 1828 ιο

190 1869 264 1926 οὗτός
284 1869 341 1924 ἐστι
364 1869 536 1940 Δημοσθένης,
557 1885 616 1943 ego
641 1868 806 1928 celebritate
831 1869 958 1929 nominis
983 1869 1041 1926 mei
1065 1869 1195 1944 gaudere
1317 1863 1318 1866 ’

190 1983 252 2024 non
277 1965 390 2024 debeo?
441 1964 508 2042 Ego
531 1984 600 2025 vero
628 1976 657 2024 et
684 1967 800 2042 gaudeo
829 1978 857 2027 et
885 1967 1012 2043 gaudere
1040 1986 1088 2025 me
1116 1966 1194 2032 dico.

191 2064 297 2140 Neque
311 2065 390 2124 enirn
404 2082 504 2124 vereor
518 2085 555 2124 ne
575 2066 727 2125 iactantior
746 2067 852 2138 videar,
867 2085 935 2126 cum
956 2066 993 2124 de
1007 2084 1055 2124 me
1070 2057 1195 2124 aliorum

189 2164 339 2235 iudicium,
353 2181 415 2221 non
439 2182 539 2222 meum
562 2163 689 2241 prolem,
713 2165 884 2241 praesertim
906 2164 985 2240 apud
1007 2173 1044 2235 te,
1065 2164 1114 2240 qui
1137 2183 1194 2222 nec

191 2263 275 2322 ullius
290 2263 401 2322 invides
413 2261 547 2323 laudibus
562 2273 591 2322 et
604 2263 683 2322 faves
698 2264 813 2323 nostris.
856 2262 938 2322 Vale.
1210 2286 1240 2336 ²5
1317 2281 1318 2286 ¹

519 2461 564 2514 81·
606 2453 736 2534 (BOOK
758 2476 785 2530 9·
809 2453 870 2534 ael

361 2593 416 2641 The
427 2598 495 2656 story
506 2592 536 2641 of
544 2593 585 2642 the
597 2594 647 2656 boy
658 2593 707 2642 and
719 2594 761 2643 the
772 2593 875 2658 dolphin
886 2601 913 2642 at
926 2594 1022 2659 Hippo.

490 2739 514 2778 c.
536 2737 648 2779 annuus
668 2709 775 2780 canino
796 2738 850 2780 suo
870 2739 893 2780 s.

234 2859 327 2919 Incidi
341 2861 372 2918 in
386 2861 537 2919 materiam
547 2878 654 2931 veram,
666 2861 719 2919 sed
733 2861 908 2922 simillimam
920 2863 1003 2921 fictae
1015 2863 1192 2940 dignamque

193 2963 248 3020 isto
276 2959 434 3019 laetissimo
462 2960 601 3020 altissimo
629 2961 773 3037 planeque
802 2963 919 3038 poetico
946 2964 1075 3038 ingenio,
1104 2963 1193 3022 incidi

193 3071 299 3131 autem,
313 3057 383 3118 dum
399 3076 485 3134 super
499 3077 603 3118 cenam
614 3059 692 3117 varia
705 3060 842 3119 miracula
856 3061 924 3119 hinc
938 3061 1006 3119 inde
1020 3049 1192 3120 reseruntur.

194 3161 305 3236 Magna
325 3157 434 3216 auctori
454 3155 536 3217 fides.
578 3157 711 3218 Tametsi
731 3159 802 3235 quid
823 3170 927 3236 poetae
953 3178 1021 3219 cum
1042 3161 1119 3218 fidei
1162 3159 1193 3218 ls

190 3257 291 3318 'tamen
311 3265 420 3328 auctor,
436 3257 482 3315 cui
499 3257 575 3316 bene
594 3258 639 3316 vel
660 3257 810 3317 historiam
832 3258 988 3335 scripturus
1009 3258 1221 3326 credidisses5

192 3355 245 3416 Est
265 3359 295 3417 in
316 3357 414 3416 Africa
435 3356 639 3433 Hipponensis
663 3357 778 3416 colonia
803 3357 875 3414 mari
899 3357 1049 3432 proxima:
1080 3356 1194 3417 adiacet

192 3449 355 3533 navigabile
369 3466 522 3533 stagnum:
547 3475 584 3514 ex
598 3456 656 3515 hoc
673 3457 704 3514 in
723 3457 845 3514 modum
866 3455 994 3515 fluminis
1016 3458 1192 3516 aestuarium

192 3556 323 3631 emergit,
348 3556 428 3632 quod
452 3556 513 3615 viee
536 3554 653 3626 alterna,
677 3564 765 3631 prout
789 3563 886 3612 aestus
908 3564 956 3612 aut
978 3556 1115 3630 repressit
1143 3565 1193 3614 aut
