2646 3914
201 119 361 169 LETTERS
384 122 428 169 oF
450 122 478 174 0.
495 122 641 169 PLINIUS
665 119 857 173 CAECILIUS,
870 117 1060 170 SECUNDUS.
1095 117 1134 186 15

82 349 86 352 ¹
136 279 208 351 cavi,
236 279 400 356 frequenter
428 281 459 337 in
491 280 613 340 consilio
649 279 706 340 sui:
748 279 824 339 aliud
858 280 930 338 alios
965 287 1071 350 movet,
1100 296 1135 337 ac

135 379 307 455 plerumque
328 396 433 453 parvae
454 397 499 435 res
520 379 662 437 maximas
682 378 806 436 trahunt.
848 377 935 435 Varia
954 387 1022 436 sunt
1042 377 1134 436 homi-

120 495 209 535 num
223 476 347 548 [iudicia
372 476 466 534 variae
490 476 668 535 voluntates:
700 478 769 536 inde
794 476 843 553 qui
869 477 992 535 eandem
1017 495 1135 535 causam

138 575 223 633 simul
252 575 410 646 audierunt,
437 593 524 651 saepe
550 575 701 646 diversum,
730 576 875 634 interdurn
902 575 988 648 idern,
1018 576 1071 635 sed
1099 594 1135 633 ex

94 683 123 733 55
138 673 257 732 diversis
286 674 374 732 animi
402 674 529 732 motibus
558 675 693 732 sentiunt.
742 673 893 732 Praeterea
921 692 990 732 snae
1014 675 1137 751 quisque

138 772 297 830 inventioni
321 771 397 830 favet
422 783 450 830 et
475 773 557 848 quasi
583 772 771 831 fortissimum
796 771 984 847 amplectitur,
1007 790 1075 830 cum
1100 773 1137 830 ab

139 869 196 928 alio
213 869 322 928 dictum
338 869 477 945 estquod
496 870 558 945 ipse
573 869 719 946 praevidit.
762 868 907 928 Omnibus
921 887 992 944 ergo
1008 869 1138 928 dandum

140 977 184 1026 est
202 967 311 1042 aliquid
330 967 411 1043 quod
429 977 555 1040 teneant,
570 968 649 1045 quod
670 975 851 1044 agnoscant.
881 966 962 1025 Dixit
981 967 1137 1044 aliquando

140 1065 211 1124 mihi
233 1066 372 1142 Regulus,
394 1085 461 1125 curn
483 1066 568 1124 simul
590 1067 767 1137 adessemus,
788 1071 836 1123 ‘tu
856 1067 956 1124 omnia
977 1085 1050 1142 quae
1072 1077 1138 1126 sunt

92 1168 128 1226 60
141 1163 172 1222 in
192 1181 281 1222 causa
301 1172 385 1240 putas
406 1164 586 1240 exequenda,
605 1182 662 1240 ego
682 1163 813 1239 iugulum
833 1165 929 1222 statim
947 1165 1040 1237 vide0,
1060 1165 1138 1224 hunc

141 1245 273 1339 preln0:’
294 1264 399 1338 premit
417 1281 487 1321 sane
502 1261 582 1338 quod
599 1262 693 1338 elegit,
708 1263 760 1322 sed
777 1263 806 1320 in
824 1262 958 1338 eligendo
976 1261 1140 1340 frequenter

141 1370 224 1419 errat.
266 1359 421 1436 Respondi
449 1379 538 1437 posse
566 1361 627 1419 fieri
651 1372 682 1419 ut
707 1380 785 1437 genu
810 1371 886 1420 esset
910 1371 959 1420 aut
983 1362 1065 1434 talus,
1090 1363 1140 1421 ubi
1224 1377 1225 1380 ’

141 1460 188 1518 ille
209 1458 340 1535 iugulum
362 1469 491 1534 putaret:
522 1463 567 1517 ‘at
592 1459 661 1536 ego'
683 1459 811 1536 inquam,
834 1459 900 1536 ‘qui
925 1459 1053 1536 iugulum
1075 1480 1140 1537 per·

142 1559 255 1635 spicere
287 1575 348 1614 non
379 1572 511 1634 possum,
540 1559 640 1616 omnia
670 1568 843 1635 pertempto,
871 1559 972 1616 omnia
999 1559 1139 1634 experior,

10 1635 13 1650 ’
94 1662 127 1728 65
142 1661 226 1716 πάντα
246 1656 372 1732 denique
392 1657 465 1712 λίθον
485 1663 551 1727 run,
572 1666 661 1732 utque
686 1657 716 1714 in
740 1657 850 1718 cultura
874 1657 936 1733 agri
961 1674 1022 1714 non
1042 1656 1140 1714 vineas

11 1753 12 1756 ’
143 1765 257 1814 tantum
284 1772 384 1812 verum
411 1754 499 1813 etiarn
526 1755 649 1824 arbusta,
679 1772 733 1812 nec
762 1755 878 1812 arbusta
905 1763 1018 1813 tanturn
1042 1772 1142 1812 verum

145 1855 232 1913 etiam
255 1870 375 1929 campos
398 1870 468 1910 curo
489 1862 518 1911 et
539 1871 670 1922 exerceo,
690 1861 780 1928 utque
801 1854 831 1911 in
855 1853 926 1929 ipsis
948 1853 1059 1929 campis
1079 1870 1142 1911 non

144 1953 189 2012 iar
216 1961 265 2010 aut
295 1951 437 2027 siliginem
470 1950 562 2009 solam
595 1951 647 2009 sed
679 1951 830 2022 hordeum,
861 1951 959 2010 fabam
989 1963 1142 2026 ceteraque

145 2050 293 2128 legumina
325 2067 398 2119 sero,
427 2048 468 2106 sic
500 2049 530 2106 in
558 2049 673 2107 actione
700 2049 784 2124 plura
812 2050 894 2124 quasi
922 2049 1034 2108 semina
1061 2048 1144 2106 latius

101 2167 133 2220 70
147 2167 263 2225 spargo,
285 2156 317 2205 ut
337 2165 411 2222 quae
432 2147 616 2223 provenerint
637 2147 779 2222 colligam.
823 2146 927 2222 Neque
948 2147 1025 2204 enim
1048 2148 1144 2204 minus

147 2247 340 2323 inperspicua,
368 2245 485 2315 incerta,
515 2243 627 2302 fallacia
655 2253 722 2302 sunt
753 2246 881 2303 iudicum
912 2245 1029 2320 ingenia
1056 2261 1146 2319 quam

147 2355 354 2420 tempestatum
388 2352 593 2419 terrarumque.
650 2340 714 2400 Nec
749 2361 797 2400 me
832 2343 964 2420 praeterit
1000 2359 1147 2400 summurn

149 2454 295 2502 oratorem
317 2442 448 2501 Periclen
470 2441 511 2500 sic
533 2460 550 2500 a
571 2441 685 2500 comico
707 2442 851 2518 Eupolide
872 2441 989 2512 laudari,

455 2586 519 2657 πρὸς
539 2584 570 2639 δέ
587 2581 612 2657 γ’
634 2585 711 2639 αὐτοῦ
732 2588 767 2658 τῷ
789 2587 863 2656 τάχει

105 2700 135 2754 75
314 2685 393 2739 πειθώ
413 2707 452 2740 τις
471 2682 611 2752 ἐπεκάθητο
631 2687 701 2738 τοῖσι
720 2685 844 2755 χείλεσιν.

314 2780 395 2839 οὕτως
414 2781 498 2852 ἐκήλει
519 2784 559 2836 καὶ
579 2785 655 2852 μόνος
675 2787 726 2835 τῶν
746 2781 861 2854 ρητόρων

315 2883 345 2935 τὸ
365 2880 468 2953 κέντρον
488 2879 649 2954 ἐγκατέλειπε
669 2882 723 2937 τοῖς
743 2879 918 2951 ἀκροωμένοις.

152 3053 253 3095 verum
270 3036 338 3094 huic
352 3036 407 3112 ipsi
422 3035 523 3094 Pericli
540 3050 596 3094 nec
609 3035 657 3093 illa
669 3034 749 3090 πειθώ
763 3053 817 3093 nec
832 3034 902 3093 illud
917 3035 1000 3106 ἐκήλει
1014 3034 1151 3093 brevitate

54 3175 57 3180 ·
153 3135 199 3193 vel
226 3132 376 3192 velocitate
404 3133 448 3192 vel
479 3143 600 3209 utraque
628 3132 776 3213 (differunt
806 3131 898 3212 enim)
926 3134 988 3192 sine
1019 3132 1153 3191 facultate

109 3248 142 3296 80
155 3251 272 3292 summa
306 3232 483 3308 contigisset.
538 3230 617 3289 Nam
652 3230 794 3289 delectare
828 3233 1001 3308 persuadere
1036 3230 1152 3305 copiam

155 3329 272 3388 dicendi
309 3331 493 3406 spatiumque
528 3328 688 3400 desiderat;
728 3329 887 3404 relinquere
918 3347 985 3386 vero
1020 3328 1153 3386 aculeum

156 3427 188 3484 in
216 3427 396 3486 audientium
424 3427 528 3485 animis
556 3427 581 3484 is
596 3425 714 3484 demum
743 3435 847 3503 potest,
876 3427 925 3502 qui
952 3443 1014 3483 non
1041 3426 1154 3503 pungit,

158 3523 211 3584 sed
232 3523 333 3601 infigit.
376 3524 463 3585 Adde
485 3542 560 3603 quae
582 3522 618 3582 de
639 3523 744 3583 eodem
767 3523 875 3582 Pericle
897 3522 1025 3584 comicus
1046 3523 1124 3598 alter,
