2646 3914
196 130 236 196 28
280 177 284 186 .
464 144 487 191 A
512 142 710 193 snnrorron
728 142 832 191 rnorr
854 142 925 191 rna

194 301 355 379 longinqua
390 301 543 378 aspergine
577 301 665 360 maris
693 301 835 364 inarescit.
885 300 1009 362 Adiacet
1042 298 1198 376 gestationi
1211 313 1246 378 ⁶5

194 400 328 461 interiore
350 401 500 459 circumitu
515 402 599 459 vinea
620 411 720 459 tenera
741 409 769 458 et
790 402 929 460 umbrosa
949 401 1092 476 nudisque
1109 399 1198 458 etiam

94 519 96 524 ·
195 502 319 578 pedibus
347 501 443 559 mollis
472 509 500 558 et
529 492 647 559 cedens.
700 499 830 558 Hortum
858 519 958 560 morus
986 511 1014 559 et
1042 501 1114 559 ficus
1141 499 1197 559 fre-

193 618 286 676 quens
307 599 399 669 vestit,
423 617 545 675 quarum
570 599 706 656 arborum
729 598 776 656 illa
797 597 841 656 vel
865 599 994 657 maxime
1016 598 1096 657 ferax
1122 609 1198 658 terra

193 708 246 768 est,
261 697 415 773 malignior
429 698 538 755 ceteris.
581 697 648 755 Hac
667 715 728 755 non
749 696 890 755 deteriore
910 716 999 774 quam
1018 699 1105 755 maris
1123 696 1196 756 facie

193 797 306 856 cenatio
333 807 445 854 remota
473 815 490 855 a
518 797 590 854 mari
614 796 732 854 fruitur:
762 797 884 872 cingitur
909 796 1010 854 diaetis
1040 796 1152 855 duabus
1178 815 1197 854 a
1211 814 1244 866 70

193 906 284 972 tergo,
304 913 425 972 quarum
446 895 579 952 fenestris
602 895 731 953 subiacet
748 895 921 953 vestibulum
940 894 1022 952 villae
1046 904 1074 953 et
1095 894 1195 952 hortus

196 995 268 1053 alius
283 995 399 1072 pinguis
420 1003 449 1052 et
463 994 592 1051 rusticus.
636 992 715 1051 Hinc
736 995 967 1069 cryptoporticus
981 1011 1073 1069 prope
1088 993 1197 1068 publici

193 1083 288 1170 operis
313 1093 481 1152 extenditur.
524 1091 677 1167 Utrimque
702 1091 852 1163 fenestrae,
878 1111 895 1150 a
923 1092 994 1158 mari
1021 1092 1127 1168 plures,
1157 1093 1194 1150 ab

192 1191 277 1251 horto
300 1192 437 1268 singulae,
462 1192 514 1250 sed
539 1191 654 1249 alternis
676 1191 836 1266 pauciores.
880 1190 956 1262 Hae,
981 1209 1049 1248 curn
1075 1209 1194 1250 serenus

126 1283 130 1303 ‘
194 1289 254 1349 dies
275 1300 303 1350 et
324 1291 462 1362 inmotuS,
477 1309 590 1361 omnes,
608 1308 676 1349 cum
698 1289 765 1348 hinc
779 1289 823 1346 vel
843 1289 911 1347 inde
926 1289 1019 1348 ventis
1038 1289 1192 1364 inquietus,
1210 1305 1239 1357 75

193 1406 251 1464 qua
264 1389 342 1446 venti
361 1389 521 1466 quiescunt,
544 1391 607 1448 sine
628 1389 730 1446 iniuria
751 1397 858 1464 patent.
902 1387 980 1445 Ante
1001 1388 1194 1464 cryptoporti-

193 1505 260 1545 cum
282 1497 382 1563 xystus
395 1489 477 1546 viohs
495 1487 648 1548 odoratus:
674 1496 807 1562 teporem
826 1486 895 1545 solis
913 1485 1002 1546 infusi
1022 1503 1193 1562 repercussu

193 1588 423 1662 cryptoporticus
452 1596 547 1662 auget,
570 1604 645 1662 quae
672 1595 704 1643 ut
727 1594 806 1643 tenet
831 1585 933 1655 solem,
958 1585 999 1642 sic
1024 1584 1193 1661 aquilonem

192 1684 302 1743 inhibet
338 1695 566 1762 summovetque‚
603 1694 801 1761 quantumque
836 1683 938 1741 caloris
977 1692 1044 1740 ante
1080 1692 1193 1740 tantum

191 1794 268 1842 retro
283 1783 406 1858 frigoris.
448 1783 581 1841 Similiter
597 1781 718 1840 africum
738 1781 810 1839 sistit
825 1791 911 1856 atque
926 1781 965 1839 it'a
980 1781 1192 1842 diversissimos
1207 1787 1239 1837 80

191 1892 294 1940 ventos
318 1883 405 1939 alium
430 1881 486 1939 alio
511 1881 599 1939 latere
623 1879 728 1954 frangit
756 1889 784 1936 et
808 1879 879 1936 finit.
921 1879 1006 1937 Haec
1029 1879 1193 1938 iucunditas

191 1981 252 2038 eius
281 1981 384 2051 hieme,
410 1981 503 2038 maior
526 1988 641 2038 aestate.
685 1977 763 2035 Nam
792 1987 859 2036 ante
887 1979 1038 2037 meridiem
1066 1990 1192 2056 xystum,

109 2134 111 2139 .
191 2089 259 2156 post
277 2078 428 2137 meridiem
445 2078 614 2154 gestationis
629 2077 762 2152 hortique
780 2076 946 2152 proximam
960 2087 1070 2152 partem
1087 2079 1192 2136 umbra

192 2197 245 2238 sua
266 2186 416 2253 temperat,
435 2196 519 2253 quae,
537 2186 568 2234 ut
590 2176 651 2235 dies
674 2176 761 2234 crevit
780 2175 947 2247 decrevitve‚
966 2175 1056 2234 modo
1078 2177 1191 2235 brevior

190 2277 282 2335 modo
305 2277 420 2351 longior
440 2276 495 2334 hac
517 2275 561 2334 vel
582 2275 629 2332 illa
652 2275 738 2332 cadit.
781 2273 851 2350 Ipsa
869 2292 938 2332 vero
960 2276 1190 2350 cryptoporticus
1204 2277 1236 2340 85

190 2385 253 2432 tum
276 2377 403 2434 maxime
432 2385 509 2434 caret
538 2375 607 2444 sole,
638 2391 704 2432 cum
733 2373 952 2432 ardentissimus
983 2373 1101 2431 culmini
1128 2373 1190 2432 eius

190 2475 301 2532 insistit.
356 2474 406 2531 Ad
439 2473 496 2531 hoc
536 2473 702 2548 patentibus
742 2470 874 2530 fenestris
912 2470 1044 2530 favonios
1086 2471 1191 2547 accipit

190 2571 412 2646 transmittitque
435 2589 489 2629 nec
513 2588 654 2647 umquam
677 2575 743 2626 ae‘re
767 2569 852 2643 pigro
881 2578 910 2626 et
932 2579 1068 2628 manente
1094 2571 1189 2645 ingra-

190 2669 286 2728 vescit.
340 2670 376 2727 In
412 2671 506 2746 capite
542 2669 616 2746 xysti
652 2667 790 2744 deinceps
823 2663 1066 2748 [cryptoporticus
1100 2663 1189 2748 horti]

1310 2621 1315 2660 l

190 2768 285 2826 diaeta
304 2777 356 2839 est,
372 2786 485 2827 amores
500 2769 565 2838 mei,
580 2786 612 2825 re
626 2785 693 2824 vera
715 2783 847 2823 amores:
870 2766 932 2841 ipse
946 2768 1041 2843 posui.
1083 2766 1119 2825 in
1135 2767 1189 2826 hae
1203 2780 1237 2830 9ο
1314 2751 1315 2812 l

188 2867 398 2926 heliocaminus
417 2868 534 2944 quidem
554 2867 610 2925 alia
626 2875 752 2941 xystum,
767 2864 822 2921 alia
841 2883 930 2936 mare,
945 2875 1066 2941 utraque
1087 2866 1189 2938 solem,

189 2968 354 3028 cubiculum
383 2978 478 3027 autem
502 2969 589 3027 valvis
619 2966 875 3044 cryptoporticum,
900 2966 1026 3025 fenestra
1050 2968 1191 3044 prospicit

188 3086 273 3126 mare.
320 3066 429 3124 Contra
444 3068 582 3142 parietem
596 3066 727 3124 medium
747 3063 867 3122 zotheca
886 3083 1027 3140 perquam
1044 3064 1190 3142 eleganter

188 3166 304 3236 recedit,
320 3183 394 3242 quae
414 3166 610 3240 specularibus
630 3175 658 3224 et
672 3165 741 3223 velis
762 3163 897 3221 obductis
915 3164 1076 3222 reductisve
1097 3163 1189 3224 modo

188 3263 309 3323 adicitur
324 3263 464 3335 cubiculo,
480 3263 570 3322 modo
584 3263 718 3322 aufertur.
762 3261 886 3321 Lectum
900 3272 929 3320 et
944 3261 1016 3321 duas
1036 3262 1189 3322 cathedras
1203 3279 1234 3329 95

189 3363 283 3437 capit:
309 3382 326 3421 a
347 3362 469 3438 pedibus
491 3381 579 3433 mare,
602 3382 620 3422 a
640 3373 723 3439 tergo
745 3361 836 3432 villae,
860 3379 877 3418 a
898 3361 991 3435 capite
1012 3361 1119 3420 silvae:
1145 3371 1190 3422 tot

189 3458 277 3518 facies
304 3460 435 3519 locorum
469 3463 589 3520 totidem
615 3460 747 3520 fenestris
783 3471 811 3518 et
844 3458 994 3534 distinguit
1021 3469 1049 3518 et
1077 3462 1188 3522 miscet.

191 3556 327 3617 Iunctum
348 3569 392 3618 est
412 3560 577 3620 cubiculum
602 3561 697 3620 noctis
718 3570 746 3619 et
768 3558 871 3617 somni.
915 3556 987 3617 Non
1011 3558 1080 3617 illud
1101 3577 1188 3620 voces
