2646 3914
174 140 215 202 68
450 151 472 199 A
498 152 695 201 sntncrrorv
714 154 817 220 anon
840 154 908 202 rna

507 371 558 424 aa.
602 363 732 445 (soon
755 366 781 422 6.
805 361 846 441 3.)

192 496 265 558 Pliny
275 496 296 543 is
307 494 370 558 glad
382 495 436 550 that
448 495 491 546 the
502 495 565 546 sarm
577 495 659 545 which
669 495 701 544 he
711 493 762 543 had
773 493 846 558 given
858 502 884 544 to
896 495 934 544 his
946 510 1019 544 nurse
1030 495 1051 543 is
1062 511 1118 544 now
1135 495 1161 544 in

483 579 526 628 the
537 578 617 627 hands
628 578 658 628 of
665 595 680 628 a
691 578 760 641 good
772 584 864 626 tenant.

487 715 512 756 C.
534 715 646 755 PLINIUS
667 714 744 754 VERO
765 714 818 754 SUO
839 714 861 753 S.

216 827 331 887 Gratias
346 845 413 904 ago,
428 830 508 906 quod
527 831 654 906 agellum
673 847 762 907 quern
782 828 885 887 nutrici
902 846 986 886 meae
1001 829 1177 887 donaveram

175 926 332 986 colendum
358 928 518 1004 suscepisti.
561 927 639 998 Erat,
662 944 730 986 cum
752 927 903 998 donarem,
926 936 1043 985 centum
1065 927 1178 985 milium

174 1043 328 1084 nummum
338 1047 346 1099 ;
375 1036 478 1103 postea
500 1028 685 1086 decrescente
704 1025 797 1084 reditu
821 1026 908 1084 etiam
926 1027 1050 1102 pretium
1064 1025 1177 1096 minuit,

175 1125 256 1200 quod
269 1143 347 1183 nunc
361 1134 389 1183 te
405 1135 523 1184 curante
543 1126 695 1203 reparabit.
737 1123 787 1181 Tu
806 1124 896 1182 modo
915 1125 1082 1182 memineris
1096 1141 1178 1183 com-

174 1225 307 1283 mendari
328 1226 378 1283 tibi
398 1243 416 1282 a
435 1243 482 1283 me
502 1243 563 1284 non
585 1227 702 1284 arbores
724 1233 752 1282 et
773 1234 886 1295 terram,
903 1243 1082 1301 quamquam
1103 1223 1202 1286 haec5

176 1339 302 1398 quoque,
318 1323 371 1382 sed
385 1323 590 1382 munusculum
609 1341 725 1395 meum;
755 1321 836 1398 quod
855 1341 919 1381 esse
941 1341 1029 1399 quam
1048 1321 1176 1380 fructuo-

176 1421 322 1479 sissimum
336 1440 398 1479 non
412 1421 487 1482 illius
505 1422 600 1498 magis
621 1422 749 1492 interest,
765 1438 840 1496 quae
859 1422 981 1498 accepit,
997 1439 1086 1498 quarn
1101 1439 1176 1492 mea,

176 1519 226 1595 qui
241 1519 315 1579 dedi.
359 1517 442 1578 Vale.

503 1726 555 1778 54.
598 1719 728 1800 (BOOK
750 1723 777 1778 6.
802 1717 842 1797 4.)

209 1848 280 1911 Pliny
291 1864 415 1913 expresses
426 1849 464 1898 his
476 1850 631 1900 affectionate
646 1852 744 1914 anxiety
755 1850 793 1899 sor
804 1851 843 1899 his
854 1849 917 1906 wile,
929 1849 977 1898 and
990 1850 1050 1914 begs
1060 1850 1105 1899 her
1115 1856 1143 1900 to

481 1931 570 1981 relieve
581 1932 601 1980 it
613 1933 647 1995 by
658 1933 769 1997 frequent
780 1933 873 1983 letters

437 2068 461 2108 C.
476 2069 589 2109 PLINIUS
608 2069 789 2110 CALPURNIAE
809 2070 882 2110 SUAE
902 2070 924 2110 S.

219 2179 390 2257 Numquam
413 2200 478 2240 sum
502 2183 596 2259 magis
624 2183 661 2242 de
685 2185 925 2260 occupationibus
954 2184 1027 2242 meis
1048 2192 1176 2260 questus,

177 2298 252 2355 quae
273 2299 321 2339 me
343 2299 405 2338 non
426 2291 493 2340 sunt
514 2300 618 2359 passae
639 2292 689 2342 aut
708 2284 942 2360 proficiscentem
963 2293 991 2341 te
1008 2283 1178 2341 valetudinis

178 2396 266 2437 causa
279 2379 310 2437 in
330 2377 523 2455 Campaniam
543 2383 679 2458 prosequi
698 2392 747 2440 aut
767 2381 929 2458 proiectam
942 2400 959 2439 e
973 2382 1094 2457 vestigio
1109 2383 1178 2440 sub-

178 2477 269 2552 sequi.
311 2475 399 2536 Nunc
415 2479 492 2535 enim
512 2480 667 2556 praecipue
682 2480 768 2539 simul
783 2498 847 2538 esse
862 2481 1024 2557 cupiebam,
1038 2490 1070 2537 ut
1085 2480 1178 2538 oculis

178 2575 252 2632 meis
286 2575 442 2647 crederem,
471 2576 542 2652 quid
568 2577 682 2650 viribus,
709 2578 781 2655 quid
810 2578 984 2654 corpusculo
1012 2579 1202 2654 adparareS,5

180 2673 285 2748 ecquid
300 2673 426 2750 denique
445 2692 577 2734 secessus
591 2677 752 2753 voluptates
766 2676 954 2752 regionisque
969 2676 1179 2735 abundantiam

179 2770 324 2829 inoffensa
342 2772 579 2836 transmitterent
600 2773 747 2850 Equidem
766 2772 853 2830 etiam
868 2770 973 2830 fortem
992 2782 1020 2830 te
1039 2791 1101 2832 non
1116 2774 1179 2832 sine

180 2887 248 2927 cura
270 2869 485 2928 desiderarem:
518 2881 562 2929 est
584 2872 663 2929 enim
687 2888 862 2946 suspensum
885 2879 915 2928 et
937 2871 1055 2930 anxium
1080 2872 1116 2931 de
1141 2891 1179 2932 eo

179 2985 267 3043 quem
288 2967 487 3028 ardentissime
509 2970 612 3046 diligas
632 2968 777 3028 interdum
798 2969 868 3026 nihil
887 2969 976 3028 scire:
1010 2988 1089 3029 nunc
1108 2989 1178 3030 vero

178 3085 227 3125 me
241 3085 309 3125 curn
323 3068 471 3127 absentiae
486 3079 548 3128 tum
563 3069 735 3127 infirmitatis
754 3078 820 3127 tuae
838 3070 911 3127 ratio
932 3069 1042 3128 incerta
1055 3080 1085 3128 et
1098 3071 1179 3130 varia
1190 3090 1221 3124 10

180 3165 370 3225 sollicitudine
385 3176 515 3226 exterret.
558 3167 669 3226 Vereor
688 3168 795 3239 omnia,
810 3169 955 3244 imaginor
969 3170 1075 3240 omnia,
1091 3187 1179 3246 quae-

179 3282 237 3339 que
260 3274 362 3322 natura
384 3265 574 3324 metuentium
589 3275 641 3336 est,
657 3284 692 3325 ea
710 3268 838 3325 maxime
860 3267 931 3324 mihi
952 3285 1028 3343 quae
1051 3269 1179 3328 maxime

179 3361 333 3421 abominor
348 3363 437 3438 fingo,
480 3363 549 3435 Quo
566 3364 717 3439 inpensius
730 3383 804 3441 rogo
824 3375 857 3423 ut
874 3365 971 3424 timori
990 3385 1057 3424 meo
1073 3367 1179 3426 cotidie

179 3459 299 3535 singulis
314 3460 358 3518 vel
377 3461 465 3519 etiarn
486 3462 561 3520 binis
582 3463 711 3538 epistulis
733 3463 877 3522 consulas.
921 3462 980 3522 Ero
1000 3466 1080 3522 enim
1094 3484 1178 3526 secu·

178 3555 245 3629 rior,
260 3558 330 3616 dum
343 3558 420 3634 leg0,
436 3560 591 3638 statimque
605 3559 724 3634 timebo
738 3579 805 3620 cum
821 3561 928 3637 legero.
972 3559 1053 3622 Vale.
1190 3577 1219 3627 Ι5
